4140 5536
995 476 999 485 ·
1474 456 1538 545 61

411 725 469 838 ᾧ
500 764 564 825 aa·
595 759 788 829 omnum.
824 762 896 865 rur.
933 723 1055 861 Papa
1086 723 1354 863 Benediilus
1386 722 1545 847 XII„

271 872 327 975 in
340 865 505 972 medio
521 867 667 972 Crux
685 938 698 967 .

413 1005 469 1117 *1⁴
486 1049 656 1112 unorum
688 1052 720 1111 s.
740 1046 862 1110 atriu
892 1008 1210 1113 Patrimonium
1224 1009 1275 1112 S.
1293 1014 1423 1114 Petri
1438 1080 1457 1129 ‚
1488 1016 1544 1111 in

273 1156 442 1259 medio
460 1155 566 1257 duae
586 1151 746 1254 claves
764 1151 1064 1290 pendentes.

416 1474 693 1539 mutunus.
741 1434 1059 1557 Benediiius,
1104 1434 1338 1539 Pontifex
1382 1432 1548 1537 sedens

311 1578 529 1681 ontificia
563 1576 692 1680 veste
727 1580 966 1698 indutus,
1004 1580 1259 1682 dexteram
1297 1579 1456 1681 elevat
1489 1578 1550 1678 ad

272 1614 670 1825 {enediceudum
688 1794 707 1840 ,
738 1719 917 1823 sruistra
935 1760 1133 1824 crucem
1150 1750 1316 1836 tenet,
1337 1726 1387 1825 dt
1405 1748 1552 1858 caput

280 1892 570 2005 coopertum
583 1859 732 1966 habet
743 1871 863 1967 tiara
874 1935 893 1983 ,
925 1865 1320 2003 quamRegnum
1340 1892 1518 1997 vocant
1536 1934 1548 1961 .
1568 1886 1571 1893 ’

389 2098 395 2119 x
429 2007 488 2122 *1⁴
513 2044 574 2141 po.
609 2045 859 2143 ouomcruo
889 2011 1009 2149 Papa
1036 2008 1303 2111 Duodecimn
1316 2078 1335 2126 ‚
1364 2014 1417 2106 in
1446 2039 1554 2105 area
1694 2038 1697 2044 “

8 2156 9 2169 '
134 2158 137 2163 ’
280 2147 457 2260 Crux.

424 2286 523 2392 Hic
544 2296 726 2395 iterum
751 2295 934 2398 onobis
968 2294 1125 2399 sermo
1141 2292 1203 2395 est
1233 2289 1555 2394 instituendus

281 2431 342 2532 de
354 2430 502 2538 Tiora
519 2435 803 2571 pontificia,
834 2474 980 2576 quam
999 2440 1129 2540 binis
1149 2442 1341 2536 tantum
1361 2438 1554 2536 coronis

284 2600 569 2676 exornatam
595 2576 729 2678 iuiffe
756 2576 906 2716 usque
924 2578 1228 2713 adJohaunis
1244 2575 1414 2681 XXII.
1432 2606 1557 2678 tem·

283 2751 407 2856 pora
436 2711 654 2852 superius
688 2719 940 2823 diximus.
978 2722 1134 2824 Porro
1163 2726 1362 2821 tertiam
1395 2719 1559 2821 Coro-

284 2894 400 2985 nam
418 2856 605 2999 addidit
623 2859 912 2965 Benedidius
931 2866 1017 2964 hic
1036 2936 1053 2983 ,
1071 2865 1130 2965 d'e
1149 2899 1248 2999 quo
1266 2862 1558 3000 loquimur,

283 3030 342 3102 ut
359 3009 523 3136 aperte
539 3031 674 3138 patet
700 3043 762 3107 ex
778 3042 1056 3129 marmoreo
1074 3006 1329 3104 fimulacro
1357 3012 1409 3103 iu
1426 3010 1562 3142 prin·

286 3149 396 3281 cipe
408 3143 760 3246 Avenionenfis
790 3145 948 3251 Urbis
961 3144 1165 3249 Ecclesia
1195 3146 1253 3244 ad
1285 3158 1382 3274 ejus
1401 3143 1563 3283 sepul·

286 3320 433 3384 crum
449 3294 684 3422 temporis
704 3290 1024 3389 diuturnitate
1041 3286 1389 3426 consumptum
1407 3358 1424 3406 ,
1440 3285 1565 3386 olim

287 3424 445 3567 pofito
461 3497 492 3544 ,.
516 3431 648 3563 quod
683 3436 735 3529 in
762 3429 937 3531 sacello
966 3431 1200 3532 Sartorum
1240 3460 1561 3566 nuncupato,

289 3575 586 3668 nuncetiam
606 3566 839 3707 superest,
869 3603 1013 3709 atque
1031 3572 1092 3672 ab
1106 3570 1322 3673 Ecclefiae
1352 3569 1567 3698 ejusdem

286 3708 660 3814 'Canonicorum
693 3713 925 3851 Collegio
956 3716 1014 3815 ad
1047 3716 1349 3816 retinendam
1384 3720 1565 3852 optimi

287 3847 548 3955 Pontificis
565 3865 885 3974 memoriam,
911 3894 1193 3959 marmoreae
1212 3857 1308 3961 bost
1327 3854 1567 3993 superim·
1639 3952 1642 3959 Δ

292 3994 504 4132 posrtum
521 3996 679 4098 adhuc
700 3999 925 4143 religiose
941 3997 1193 4118 servatur,
1223 4033 1276 4101 ut
1289 3997 1567 4100 humaniffi·

174 4164 180 4173 ’
292 4140 388 4236 mis
406 4138 585 4242 litteris
603 4143 867 4243 Avenione
890 4140 1282 4257 datis,consultus
1299 4181 1377 4242 me
1396 4142 1566 4242 docuit

293 4273 473 4380 Illmus
489 4282 668 4385 Praesui
704 4285 763 4384 de
792 4282 836 4384 la
855 4283 1039 4384 Baume
1059 4284 1322 4421 Episcopus
1343 4280 1568 4387 Halicar-

292 4418 509 4527 niffensu
527 4498 547 4553 ‚
588 4426 944 4563 Aueniou'ensts⁸
974 4425 1196 4536 Ecclesiae
1235 4426 1565 4670 PfaeP⁰s¹tssj
1684 4538 1688 4541 ,

1526 4603 1570 4665 rr
