4208 5536
439 552 555 660 Item
565 545 768 693 promisit
785 540 928 649 diiius
942 538 1178 687 Magiilet
1193 541 1370 662 cudere,
1381 542 1475 643 vel
1482 432 1588 647 iii

302 732 433 821 tere,
462 700 564 802 cudi
580 768 599 817 ,
616 698 707 799 vel
717 684 997 830 battisaeere
1015 704 1065 797 in
1081 688 1201 795 ditia
1217 686 1397 793 Zeccun
1411 686 1586 827 Grffs

301 844 489 977 Pupulus
509 844 762 979 detergente
781 854 804 956 ,’
823 845 873 937 in
888 836 1045 976 quibus
1064 835 1119 936 ab
1133 874 1213 934 uno
1228 832 1512 975 laterestut,
1531 835 1594 933 (9,

303 987 381 1124 ff
410 986 598 1088 debeant
614 990 832 1124 imagines
846 978 883 1080 S
886 978 938 1079 S.
955 981 1121 1097 Petri,
1153 978 1367 1081 &Pauli
1402 979 1589 1078 cumbis

304 1134 483 1230 litteris
499 1136 660 1230 circum
676 1124 720 1225 S.
737 1125 898 1228 Petrus
915 1119 959 1221 S.
978 1122 1158 1225 Paulus.
1182 1121 1322 1225 Alma
1339 1118 1499 1241 Remu3
1528 1119 1589 1221 ab

305 1276 394 1374 ulie
428 1273 573 1372 latere
590 1271 691 1411 stt,
721 1271 779 1368 (9
797 1267 874 1403 effe
893 1265 1053 1365 debeat
1075 1254 1251 1406 sculpta
1270 1263 1416 1366 Arma
1436 1262 1500 1364 D.
1522 1266 1583 1364 D.
1791 1274 1794 1278 ’

306 1411 477 1517 Noun·
509 1416 635 1546 Papae
666 1449 760 1514 eum
779 1406 939 1511 Mitru
969 1409 1185 1546 destuper,
1218 1411 1275 1509 (9
1291 1445 1386 1508 eum
1405 1403 1521 1540 Rufii
1537 1413 1587 1504 in

294 1558 411 1694 pede
439 1556 563 1659 title
577 1554 728 1657 Arme
747 1591 840 1653 cum
854 1557 1031 1653 litteris
1048 1559 1208 1653 circum
1227 1548 1474 1663 «Nicotaus
1491 1548 1583 1651 ΡΡ.

304 1698 543 1848 Quintum
577 1702 634 1798 (9
648 1698 839 1838 quilibet
869 1694 945 1796 dd.
966 1694 1286 1833 Gtoffimumfit
1304 1764 1322 1813 ,
1339 1698 1395 1796 (9
1414 1690 1490 1831 ff
1509 1689 1589 1789 a'e·

308 1844 413 1942 beat
417 1842 662 1981 ponderis,
680 1839 908 1940 videlicet
925 1838 1205 1942 denariorum
1223 1848 1363 1940 trium
1378 1910 1394 1957 ,
1411 1845 1467 1936 (9
1479 1870 1589 1974 gea·

306 2023 459 2087 norum
474 1985 649 2100 decem,
676 2018 743 2100 εγ
771 1979 889 2121 qued
900 2014 1050 2083 teneat
1064 1981 1120 2082 de
1130 1984 1261 2122 leuga
1284 2012 1368 2119 pto
1388 1976 1589 2123 qualibet

306 2127 428 2228 libra
447 2127 722 2268 argentifini
735 2128 934 2226 undecim
951 2132 1101 2227 uncias
1119 2196 1137 2244 ,
1165 2129 1222 2227 69
1238 2127 1443 2228 denarios
1462 2156 1587 2239 tres,

306 2271 365 2369 (9
381 2273 448 2395 84
470 2266 629 2410 groffl,
664 2271 720 2367 (9
749 2307 858 2369 unus
886 2270 1095 2371 denarius
1116 2268 1328 2405 ponderis
1353 2267 1591 2407 perficiant
1861 2262 1865 2271 ’

306 2410 472 2546 pondus
505 2422 634 2510 unius
652 2411 805 2529 libra,
838 2415 894 2511 (9
911 2412 1074 2512 babeat
1101 2411 1155 2512 de
1172 2409 1364 2515 remedio
1393 2409 1449 2508 de
1461 2411 1590 2546 leuga
1742 2400 1753 2411 ¹

304 2582 388 2688 pro
420 2552 621 2690 qualibet
651 2553 771 2654 libra
802 2552 1006 2655 denarios
1023 2587 1149 2673 tres,
1179 2554 1369 2695 &quod
1382 2553 1436 2651 de
1453 2550 1590 2653 ditiis
1652 2612 1670 2619 --

303 2691 459 2835 geoffls
486 2695 688 2834 promistt
705 2694 894 2817 cudere,
922 2700 979 2798 Θ
996 2697 1099 2797 cudi
1102 2697 1296 2838 jacere,
1328 2728 1380 2797 ut
1403 2700 1588 2835 stupra.»

307 2838 474 2939 medios
500 2838 658 2976 grtffes
687 2837 752 2939 ad
772 2839 937 2941 ditium
955 2850 1171 2943 rationem
1205 2881 1298 2944 eum
1316 2838 1432 2939 ditio
1448 2878 1592 2942 reme·

140 3000 146 3013 '
309 2979 413 3079 dio.
452 2977 566 3080 Item
601 2981 720 3120 quod
747 2981 860 3085 diiii
878 2981 1054 3115 Groffi,
1081 2988 1138 3083 (9
1163 2984 1276 3087 diali
1293 2982 1431 3084 mea'ii
1447 2979 1596 3113 Groffl

307 3121 497 3221 debeant
529 3122 774 3262 diligenter
803 3126 1045 3264 ponderari
1062 3127 1362 3264 stimulatiter
1388 3125 1588 3265 finguli,

307 3297 541 3404 antequam
574 3269 875 3369 extrahantur
900 3270 955 3370 de
989 3267 1109 3371 ditia
1127 3254 1336 3387 Zeitha,
1366 3272 1423 3369 (9
1452 3271 1591 3408 quili-

308 3407 385 3506 bet
403 3408 653 3547 Groffiusstt
663 3413 875 3549 ponderis
911 3412 1190 3516 denariorum
1205 3423 1345 3515 trium
1364 3486 1382 3533 ,
1414 3415 1470 3512 (9
1480 3451 1590 3553 gra·

310 3589 463 3649 notum
482 3553 660 3670 decem,
689 3554 747 3650 (9
763 3556 880 3695 quod
888 3595 970 3656 non
988 3564 1179 3657 varient
1198 3595 1307 3657 unus
1323 3558 1378 3658 ab
1394 3559 1484 3657 alin
1510 3589 1591 3692 per

305 3729 438 3792 unum
463 3731 686 3835 granum,
718 3699 835 3797 alias
870 3697 1209 3819 devastentur,
1243 3703 1299 3799 (9
1330 3700 1448 3842 quod
1477 3698 1590 3798 diiii

305 3835 444 3939 medii
476 3835 738 3970 Gmfflfint
763 3842 1004 3979 ponderis,
1040 3850 1097 3942 (9
1127 3844 1369 3980 ponderari
1402 3842 1590 3945 debeant

310 3983 562 4097 Denarium
608 4019 781 4104 unum,
817 3987 873 4085 (9
907 4020 1064 4120 granos
1107 3984 1298 4108 decem,
1334 3992 1391 4088 (9
1416 3986 1588 4125 septem

303 4152 388 4365 go
419 4125 614 4261 quolibet
648 4163 742 4226 eum
763 4126 959 4231 remedio
979 4126 1268 4264 fiuptadiiia,
1292 4133 1408 4238 elius
1435 4131 1585 4234 deva·

358 4299 519 4368 entur.

486 4407 603 4511 Item
634 4412 823 4540 uiium,
858 4417 915 4521 (9
950 4446 1220 4523 conventum
1254 4425 1423 4522 extitit
1467 4422 1590 4528 inter

1485 4586 1595 4693 pnr-
1777 4585 1779 4589 ’
