4208 5536
518 452 587 564 76
1138 575 1166 678 1

493 809 541 855 „u
660 758 880 831 enecontss
908 761 970 824 rr.
998 759 1160 826 nunec.
1206 718 1450 862 Gregorius
1486 723 1607 859 Papa
1640 721 1801 832 Oude-
1941 726 1945 733 ’

519 875 689 972 cimus.
728 861 953 969 Pontifex
970 864 1136 969 sedens
1155 864 1406 1001 pontificia
1424 865 1764 973 vesteindutus
1779 943 1800 992 ,

519 1005 1622 1130 dexterabenedicit,smistracrucemtenet.

680 1153 787 1272 ff«,
838 1157 890 1256 δι
935 1161 1195 1293 utrimque
1227 1185 1393 1290 parvae
1424 1152 1588 1255 claves
1631 1153 1803 1259 decus·

520 1291 665 1400 satae.
702 1333 895 1398 seuerus
927 1334 1119 1416 remus,
1153 1297 1204 1398 bt
1232 1301 1359 1394 inter
1377 1292 1465 1400 has
1483 1295 1599 1398 duas
1615 1334 1800 1420 voces,

519 1475 684 1581 parvae
703 1439 898 1559 claves,
918 1470 973 1538 ut
989 1437 1160 1577 supra3
1178 1446 1231 1539 in
1246 1446 1443 1539 nummi
1459 1475 1565 1539 area
1579 1438 1685 1545 duae
1701 1439 1801 1543 cla-

522 1620 607 1690 ves
626 1591 835 1719 majores
852 1590 976 1684 item
995 1579 1249 1683 decuffatae
1268 1580 1640 1725 ,alligataeque.

661 1878 735 1976 cn.
754 1872 814 1971 nr.
830 1907 939 1973 uun·
957 1867 1203 2010 Gregorius
1216 1871 1337 2009 Papa
1356 1868 1654 1975 Undecimus.
1671 1869 1804 1974 Pon·

522 2009 670 2113 tificis
701 2021 865 2150 imago
899 2011 1093 2152 pestore
1123 2043 1298 2135 tenus,
1333 2048 1442 2152 quae
1474 2041 1621 2152 caput
1649 2010 1801 2117 habet
1902 2010 1906 2021 ’

359 2228 364 2261 ‚
521 2152 669 2258 Tiara
689 2186 1007 2258 exornatum.

651 2298 719 2413 ,ὦ
738 2297 825 2398 Ad
852 2306 987 2427 cujus
1008 2293 1158 2398 latera
1189 2297 1295 2402 duae
1327 2333 1491 2439 parvae
1506 2295 1652 2404 Rosae
1685 2333 1803 2402 cum

520 2435 755 2545 lemmate
787 2479 836 2540 ru
867 2442 986 2543 noun
1003 2480 1016 2540 s
1036 2448 1090 2542 in
1107 2440 1277 2545 medio
1299 2441 1360 2546 V.
1373 2442 1439 2546 R·
1459 2438 1516 2542 Β.
1534 2440 1574 2544 Ι.

674 2767 748 2829 on.
779 2763 841 2825 rr.
871 2762 982 2845 nun.
1037 2722 1282 2868 Gregorius
1325 2726 1445 2864 Papa
1479 2724 1803 2832 Undecimus.

377 2910 380 2915 ⁴
523 2863 696 3008 Imago
714 2941 733 2988 ,
748 2897 801 2969 ut
820 2863 963 3005 supra
975 2936 993 2983 ,
1013 2900 1164 3004 parva
1178 2866 1308 2973 Rosa
1328 2938 1346 2985 ,
1363 2862 1413 2971 δι
1430 2868 1544 2969 inde
1563 2901 1772 2969 corona.

665 3012 722 3126 ᾧ
739 3009 803 3113 In
819 3015 1042 3148 margine
1067 3049 1115 3111 m
1138 3050 1257 3115 nous
1271 3018 1298 3131 ‘3‘
1307 3015 1362 3110 in
1378 3007 1544 3112 medio
1560 3007 1801 3114 V.R.B.1.

667 3151 864 3255 Primus
900 3187 1133 3254 nummus
1153 3155 1418 3255 Avenione
1450 3151 1695 3291 percuffus
1727 3160 1808 3256 vi·

524 3297 702 3414 detur,
733 3292 905 3397 fimilis
920 3302 1056 3396 enim
1073 3294 1137 3396 est
1160 3293 1268 3395 aliis
1285 3294 1507 3432 superius
1526 3292 1717 3397 allatis:
1752 3333 1808 3400 ea

521 3445 576 3539 in
597 3435 739 3541 Urbe
752 3436 1027 3576 Gregorius
1044 3471 1237 3540 moram
1256 3444 1411 3539 traxit
1430 3435 1653 3577 usquead
1670 3437 1805 3553 diem

365 3608 369 3615 ·
523 3619 612 3682 xm.
644 3578 948 3717 Septembris
977 3617 1264 3712 nucerinum,
1295 3618 1394 3720 qna
1427 3583 1695 3685 Avenione
1729 3621 1806 3685 re·
1917 3714 1922 3719 ·

523 3718 688 3842 ceffit,
707 3728 758 3826 δι
775 3721 984 3824 Maffilia
998 3720 1193 3845 solvens
1211 3794 1229 3841 ,
1254 3759 1343 3863 per
1361 3724 1591 3829 Tiberim
1608 3730 1803 3824 triremi

524 3863 692 3966 veitus
711 3937 730 3987 ,
755 3865 817 3966 ad
840 3862 1096 3966 Basrlicam
1113 3864 1162 3968 S.
1181 3865 1321 3969 Pauli
1340 3865 1621 3983 descendit,
1652 3863 1802 3967 &die

522 4009 853 4143 xv11.Januarii
884 4045 1147 4112 uccetxxvu.
1182 4011 1399 4117 Romam
1432 4007 1667 4148 ingressus
1703 4005 1767 4109 est
1782 4079 1800 4129 ,

523 4159 746 4286 equitans
781 4151 872 4255 iS.
887 4150 1029 4255 Pauli
1045 4148 1244 4255 Bafilica
1278 4156 1339 4255 ad
1357 4156 1405 4255 S·
1421 4151 1653 4271 Petrum,
1676 4158 1803 4253 utin

522 4302 684 4432 prima
699 4303 802 4400 vita
819 4292 1032 4426 ejusdem
1052 4294 1308 4397 Pontifieis
1327 4297 1458 4438 apud
1471 4294 1732 4398 Baluzium
1748 4301 1803 4394 in

522 4444 615 4577 uit.¹
637 4440 754 4581 Pap.
774 4442 941 4547 Auen.
961 4439 1110 4548 Tom.
1135 4475 1177 4541 1.
1195 4435 1311 4547 Col.
1329 4445 1449 4574 438.
1481 4435 1662 4561 Rosae,
1692 4471 1801 4605 quer

1607 4645 1613 4655 .
1727 4613 1808 4683 ῃ.
