4140 5536
516 446 699 674 {cidem
717 565 975 670 Ludouico
1005 561 1231 704 Philippi
1250 556 1500 699 Principis
1518 558 1807 688 Tarentini,

529 722 616 853 qui
637 710 850 813 Roberti
869 708 1023 845 Regis
1051 705 1199 808 frater
1219 736 1319 810 erat
1332 776 1350 823 ,
1379 704 1484 804 filio
1513 714 1707 845 nupsit,
1736 708 1809 808 so·

377 866 381 874 ’
527 857 684 970 luein,
717 848 973 954 Pontificis
1010 848 1352 987 indulgentia,
1388 845 1806 950 Ecclefiasticisde

530 994 953 1134 consanguinitate
984 991 1208 1131 legibus.
1249 991 1385 1094 Cum
1409 1017 1574 1089 autem
1589 990 1808 1090 Ludovi·

530 1180 616 1243 cus
647 1138 912 1276 Hungariae
947 1135 1095 1253 Rex,
1128 1130 1293 1254 fratris
1325 1162 1541 1233 mortem
1578 1131 1806 1254 ulturus,

530 1286 695 1420 Regni
712 1274 1027 1416 Neapolitani
1045 1306 1237 1411 partem
1256 1272 1562 1415 occupasset,
1584 1275 1804 1409 Johanna

531 1432 629 1554 ejus
649 1429 772 1521 iram
790 1418 1016 1556 lugiens,
1034 1421 1351 1520 Avenionem
1369 1487 1386 1534 ,
1403 1425 1619 1557 qubjam
1636 1418 1802 1519 Ludo-

530 1577 673 1667 vicus
711 1559 923 1692 ejusdem
955 1569 1034 1661 vir
1066 1561 1362 1678 advenerat,
1398 1560 1458 1659 ad
1489 1561 1804 1663 Clementem

531 1704 791 1842 confugit,
821 1740 1033 1840 cumque
1063 1700 1283 1840 pecuniae
1301 1710 1467 1840 inopia
1499 1734 1803 1841 premeretur

530 1851 588 1949 acl
622 1859 810 1948 avitum
843 1881 1049 1981 regnum
1070 1846 1493 1983 recuperandum,
1525 1846 1802 1965 assentiente

531 2001 681 2090 eciam
698 1991 955 2091 Ludovico
980 1996 1091 2088 viro
1106 2057 1124 2104 ,
1149 1988 1549 2090 Auenionensem
1574 1986 1803 2107 Urbem,

530 2136 583 2233 oc
621 2136 899 2269 Regionem
931 2129 1327 2269 circumpofitam
1371 2128 1651 2266 octuaginta
1685 2128 1805 2227 mil·

529 2276 657 2373 lium
675 2310 930 2374 aureorum
949 2273 1271 2375 Florenorum
1298 2272 1357 2371 de
1371 2269 1619 2372 Florentia
1637 2280 1803 2409 pretio

532 2416 787 2519 Clementi
805 2413 1034 2516 Pontifici
1051 2485 1068 2532 ,
1114 2420 1165 2518 bc
1184 2413 1481 2553 Apostolicae
1501 2413 1615 2515 Sedi
1629 2413 1805 2513 vendi-

508 2582 511 2587 ’
532 2560 605 2656 dit
623 2629 641 2676 ,
662 2592 808 2695 atque
824 2557 930 2657 hacc
949 2555 1491 2692 pecunia,immensam
1505 2593 1563 2656 eo
1580 2589 1804 2692 tempore

529 2697 771 2799 summam
789 2698 1052 2798 conficiens
1065 2768 1083 2815 ,
1114 2700 1367 2802 Clementi
1386 2770 1404 2815 ,
1422 2734 1485 2798 ex
1505 2698 1701 2798 indietis
1722 2697 1806 2798 Sa·

532 2844 864 2943 cerdotiorum
896 2844 1170 2941 Provinciae
1195 2843 1438 2957 decimis,
1469 2838 1804 2977 gemmisque,

532 2983 806 3084 Pontificiis
836 2992 1174 3121 oppignoratis
1210 3054 1227 3102 ,
1269 2983 1521 3103 obvenit,
1567 3016 1619 3084 ut
1653 2979 1805 3081 refert

530 3124 823 3259 Raynaldus
845 3126 1026 3232 Annal.
1048 3124 1182 3227 Eccl.
1201 3129 1348 3230 Tom.
1375 3144 1437 3224 16
1453 3128 1508 3225 ad
1531 3163 1670 3226 anun
1684 3132 1801 3251 348.

526 3306 751 3368 numm.
781 3268 989 3405 Integrae
1007 3270 1308 3367 venditionis
1326 3267 1470 3389 hujus
1488 3270 1806 3368 Instrumenti

529 3411 705 3508 tabulae
723 3444 896 3530 extant
915 3410 1042 3546 apud
1061 3411 1389 3511 Seballianum
1408 3409 1688 3511 Fantonum
1707 3408 1824 3511 Ca?

528 3550 791 3651 llruccium
824 3563 878 3651 in
902 3550 1103 3651 hilloria
1129 3552 1301 3652 Italica
1322 3552 1558 3655 Civitatis
1576 3557 1802 3655 Avenio·

527 3692 678 3791 nenlls
697 3694 835 3794 liba.
855 3732 959 3830 cap.
969 3734 1011 3820 5.
1028 3732 1256 3830 pagano.
1279 3732 1501 3813 numan.

671 3836 899 3953 Sed,cum
918 3836 1033 3936 urbs
1051 3837 1134 3934 illa
1154 3836 1459 3938 beneficiaria
1473 3840 1686 3940 Romani
1700 3834 1803 3935 lm·

527 3986 651 4115 perii
681 3976 827 4095 esset,
855 3976 1085 4080 Pontifex
1101 3989 1128 4076 i
1146 3981 1332 4083 Carolo
1351 3984 1440 4082 lV.
1460 3984 1802 4084 Romanorum

526 4121 666 4256 Rege
685 4120 941 4240 obtinuit,
970 4153 1021 4223 ut
1042 4120 1126 4222 hic
1146 4124 1367 4223 eamdem
1389 4124 1584 4228 Urbem
1604 4197 1621 4241 ,
1642 4130 1799 4261 regio-

525 4295 736 4401 nemque
763 4268 825 4366 ab
844 4269 1048 4403 imperii
1067 4276 1180 4390 jure
1212 4273 1422 4368 omnino
1437 4266 1719 4383 divulsam,
1747 4272 1800 4362 in
1883 4303 1888 4311 ·

523 4404 766 4540 posterum
803 4416 857 4508 in
892 4408 1179 4547 supremum
1212 4410 1555 4520 Romanorum
1593 4406 1800 4513 Pontifi-

1654 4585 1798 4661 cum,
1909 4584 1912 4588 ·
1968 4544 1973 4553 ’
