4208 5536
482 405 692 521 92¹

1065 508 1190 619 ΙΙΙ.

629 686 920 760 rnuocmrtus
945 691 1009 759 ta.
1027 660 1102 762 vu.
1134 653 1369 764 Pontifex
1388 656 1589 786 sedens,
1620 664 1717 771 utf
1744 729 1768 751 ·

552 839 602 902 a,
735 874 736 877 γ

488 810 548 945 pf
633 940 690 1052 >F
710 975 901 1041 snucrus
916 978 1074 1050 narnus
1091 986 1124 1051 s.
1140 988 1178 1050 Ρ.
1197 982 1301 1066 Qu.
1314 952 1370 1047 in
1384 947 1549 1053 medio
1566 949 1729 1056 claves
1747 1024 1765 1073 ,

490 1090 541 1194 δι
558 1084 722 1203 stella,
742 1084 982 1225 utsupra.

1073 1234 1183 1337 IV.

633 1402 924 1474 muocmnus
958 1408 1018 1473 m.
1035 1414 1107 1480 vn.
1139 1373 1374 1483 Pontifex
1389 1375 1591 1499 sedens,
1618 1403 1674 1479 ut
1691 1374 1767 1481 fu·
1841 1500 1844 1505 Δ

530 1553 611 1618 ra.

493 1552 527 1659 P
634 1658 692 1770 ὦ
721 1693 914 1756 sauctus
940 1695 1097 1762 numus
1132 1697 1165 1761 s.
1185 1700 1342 1789 πω.
1379 1668 1434 1765 in
1470 1661 1634 1764 medio
1667 1664 1765 1764 cla·

491 1795 1119 1936 vet,&stella,utfupra.
1205 1792 1207 1795 ⁵

633 1946 779 2047 Nunc
805 1944 1027 2075 primum
1058 1946 1244 2047 denarii
1262 1976 1560 2067 occurrunt,
1590 1957 1642 2047 in
1658 1952 1770 2082 qui·

496 2085 591 2191 bus
610 2084 862 2188 Pontificis
900 2093 1093 2187 nomini
1121 2094 1173 2188 in
1207 2085 1372 2191 aversa
1396 2120 1532 2224 parte
1564 2087 1767 2188 addatur

499 2229 709 2332 alterum
731 2229 777 2330 S.
795 2227 848 2327 Ρ.
868 2226 1012 2361 QR.
1033 2228 1351 2334 ‚Concelfam
1368 2230 1491 2333 olim
1509 2239 1536 2331 i
1552 2232 1767 2333 Summis

493 2370 820 2477 Pontificibus
838 2369 1128 2508 Capitolino
1147 2371 1460 2512 Magistratui
1484 2371 1772 2476 facultatem

494 2551 746 2619 monetam
778 2512 1017 2634 cudendi,
1036 2525 1142 2644 jam
1175 2514 1318 2654 fupra
1350 2526 1670 2635 monuimus,
1699 2514 1774 2619 lo·

464 2701 471 2707 ·
496 2693 699 2797 quentes
716 2660 775 2759 de
794 2666 1011 2758 nummis
1032 2659 1314 2762 aRomanis
1332 2655 1648 2761 Senatoribus
1663 2693 1775 2794 per·

498 2802 669 2920 nullia,
704 2806 755 2905 ὃ(
785 2834 953 2921 eorum
981 2799 1244 2938 gentilitiis
1263 2798 1529 2938 infignibus
1547 2799 1771 2939 signatis:

497 2944 779 3082 ademptam
813 2979 930 3082 ergo
963 2940 1137 3046 iisdem
1170 2944 1297 3045 hanc
1332 2943 1619 3046 facultatem
1650 3015 1668 3061 ,
1710 2969 1774 3043 'ac
1903 3052 1910 3065 ,

497 3085 660 3190 rursus
695 3122 787 3227 pro
819 3120 1099 3224 temporum
1119 3096 1491 3226 opportunitate
1523 3085 1777 3189 fublnno·

497 3237 665 3331 centio
678 3232 976 3347 conceflam,
996 3229 1364 3333 vetofimillime
1392 3230 1664 3370 putandum
1683 3228 1776 3332 est.

494 3372 651 3476 Porro
673 3445 690 3491 ,
720 3381 813 3479 vix
848 3372 1002 3474 eledlo
1020 3370 1313 3475 Innocentio
1329 3374 1484 3496 Vll,
1520 3374 1777 3475 Romanus

426 3618 429 3624 ,
493 3513 716 3650 Populus
737 3516 938 3636 turbas,
967 3554 1020 3617 ac
1037 3515 1329 3618 seditionem
1349 3523 1591 3620 excitavit
1604 3589 1622 3635 ,
1643 3553 1781 3621 cum·

417 3724 422 3732 ·
496 3693 594 3796 que
628 3658 847 3760 Romam
879 3657 1143 3761 advenisset
1174 3658 1426 3767 Ladislaus
1447 3661 1626 3764 Siciliae
1642 3661 1778 3774 Rex,

499 3799 765 3938 composrta
784 3874 801 3921 ,
820 3804 927 3936 iplo
946 3802 1086 3942 Rege
1107 3809 1377 3942 interprete
1395 3879 1414 3928 ,
1433 3842 1486 3906 ac
1507 3800 1780 3935 sequestro,

500 3944 761 4045 concordia
781 3943 873 4046 est.
912 3944 1077 4076 Quare
1092 3944 1250 4047 multa
1263 3950 1499 4050 Romanis
1517 3942 1645 4042 ultro
1661 3978 1778 4042 con·

499 4087 627 4188 cellit
644 4076 1004 4208 Innocentius⁹
1021 4097 1101 4190 vir
1118 4099 1298 4229 quietis
1314 4086 1692 4204 amantilfrmus,
1725 4114 1780 4187 ut

497 4233 669 4330 uidere
686 4232 802 4333 licet
820 4240 873 4332 in
891 4240 1024 4372 pacis
1044 4232 1307 4372 capitulis,
1343 4271 1450 4371 quae
1471 4224 1619 4331 refert
1637 4231 1783 4360 Ray·

494 4373 667 4477 naldus
687 4378 746 4481 ad
763 4418 803 4480 a.
819 4414 1020 4482 ncocctv.
1041 4413 1177 4480 uum.
1193 4414 1277 4479 xm.
1314 4376 1386 4481 Eo
1403 4384 1560 4517 igitur
1582 4406 1780 4516 tempo·

1730 4548 1782 4613 re
