4208 5536
299 536 447 672 hujus
466 531 627 649 Urbis
659 531 834 639 littere
863 535 918 641 in
943 532 1050 642 aren
1079 532 1141 637 ad
1159 530 1342 641 Crucir
1371 431 1586 643 inrum

304 680 544 826 dispofitae
560 676 702 785 sunt.

447 819 638 933 Cusum
664 820 930 931 nummum
958 818 1095 925 hunc
1123 826 1150 921 i
1178 817 1590 929 Recinetensrbnr

304 966 524 1077 Civibus
559 994 823 1102 putamus,
852 966 914 1069 ad
937 966 1251 1069 retinendam
1283 967 1484 1073 Nicolai
1519 967 1586 1069 V.

304 1107 560 1219 Pontificis
594 1115 921 1228 memoriam,
953 1112 1043 1248 qui
1070 1140 1244 1210 eorum
1265 1108 1401 1216 Urbi
1420 1119 1504 1240 jur
1534 1115 1591 1214 in

306 1252 509 1361 Laureti
532 1252 781 1391 oppidum
810 1252 1056 1369 restitnit,
1090 1281 1146 1353 nt
1178 1248 1328 1355 refert
1357 1252 1588 1356 Didrcur

308 1395 613 1534 Calcrgnius
659 1400 713 1497 in
756 1431 906 1533 opere
935 1392 1145 1515 Italico,
1172 1396 1307 1533 quod
1337 1391 1587 1534 inscripfit

307 1534 536 1642 Memoria
563 1534 781 1639 moriche
810 1537 863 1638 di
882 1538 1110 1643 chrrrrt'
1128 1535 1223 1677 sol.
1234 1552 1322 1664 69.
1359 1536 1592 1641 Castrum

308 1687 430 1781 verb
449 1677 576 1780 illud
592 1678 751 1819 postea
773 1686 828 1779 in
845 1678 1044 1787 Urbem
1060 1687 1254 1799 crevit,
1284 1679 1389 1818 post
1405 1680 1592 1783 divini·

312 1827 473 1923 turin
507 1818 634 1923 illud
664 1819 875 1924 delatam
900 1821 1131 1963 Deiparae
1151 1823 1376 1962 Virginis
1410 1820 1594 1923 nedicu-

311 1965 411 2071 lam
427 2035 445 2084 ,
463 1999 590 2071 anno
615 1999 671 2063 12
677 1995 776 2091 94,
803 1999 914 2101 qurr
928 1965 1230 2105 populorum
1248 1963 1484 2070 concursu
1498 2032 1517 2084 ,
1536 1997 1591 2060 ac

310 2101 993 2249 religioneceleberrimnest.

916 2334 984 2437 V.

456 2528 515 2643 »F
529 2564 575 2627 n·
589 2563 651 2626 nr.
665 2563 708 2626 v.
726 2523 1072 2667 NicohusPapa
1085 2524 1295 2673 ,Qintus
1312 2599 1325 2627 .
1343 2523 1473 2663 binae
1490 2523 1590 2629 cia·

314 2708 402 2781 ves
415 2667 666 2775 decussatae
945 2755 953 2765 ,

458 2815 516 2929 *1⁴
532 2850 678 2919 nonni.
708 2817 762 2917 in
778 2811 1186 2921 arerSaniiiffimi
1202 2811 1273 2917 D.
1291 2811 1356 2923 N·
1376 2809 1596 2917 Salvato-

315 2957 600 3067 risvnltus.
1341 3004 1343 3007 ·

411 3179 417 3189 -
461 3101 693 3209 Nicolaus
711 3101 798 3225 V„
815 3136 1087 3222 cum,more
1101 3107 1362 3224 maiorum,
1380 3091 1598 3201 reseratis

317 3277 526 3385 quatuor
544 3243 690 3351 sacris
704 3241 1371 3383 portis,Annojubileincnn.
1395 3246 1600 3343 initium

317 3387 533 3509 feciffet,
568 3387 732 3490 subite
747 3422 911 3511 tanta,
943 3419 998 3493 ut
1030 3394 1196 3524 inquit
1214 3385 1404 3491 Planina
1419 3392 1474 3485 in
1490 3396 1594 3515 ejus

318 3529 440 3631 Vita
457 3528 542 3629 fol.
566 3563 681 3656 235.
700 3562 808 3669 pag.
827 3570 873 3629 α.
895 3604 913 3651 ,
946 3530 1188 3637 multitudo
1205 3528 1392 3631 Romam
1420 3538 1597 3646 venit,

160 3798 176 3821 ·
318 3704 485 3816 quarta
506 3708 723 3809 nunquam
738 3708 870 3776 antea
885 3746 905 3794 ,
922 3679 973 3780 δι
992 3710 1140 3794 ,cnm
1153 3702 1226 3774 tot
1241 3670 1443 3775 advenis
1462 3677 1598 3772 exci-

319 3816 514 3958 piendis
531 3887 549 3939 ,
581 3813 863 3953 aiendiique
896 3818 1214 3920 frumentaria
1244 3851 1350 3937 res,
1382 3813 1602 3952 aliique.»

318 3990 625 4065 commeatus
657 3964 752 4065 vix
783 3957 1091 4081 sufficerent,
1129 3956 1364 4063 Pontifex
1399 3955 1599 4094 plenam

320 4135 638 4241 peccatorum
652 4109 852 4206 veniam
869 4099 1194 4221 indulfithis,
1222 4110 1311 4239 qui
1325 4106 1470 4203 unice
1487 4130 1595 4200 tan·

322 4271 432 4343 tum
449 4250 594 4368 vice,
619 4286 672 4351 ac
688 4245 805 4366 die,
838 4245 1137 4349 delistorum
1153 4244 1439 4350 confessione
1457 4279 1602 4381 pere·

320 4383 397 4492 &a
410 4456 432 4510 ‚
463 4379 615 4495 sacras
635 4421 845 4533 quatuor
860 4390 1087 4499 Brsslicas
1119 4388 1389 4505 inviserent
1404 4457 1423 4510 ,
1446 4383 1604 4519 justit·

1511 4561 1607 4664 que
1780 4593 1783 4597 ·
