1033 1383
323 375 324 406 1
341 358 387 384 ΟΝ
400 358 453 384 sum
461 358 555 384 nescius
565 376 574 388 ,
589 357 765 384 nonnullorum

348 395 481 420 hominum
496 394 621 420 mentibus
643 403 697 419 eam
710 393 765 419 'alte

348 429 411 455 olim
426 429 539 456 inhaefiffe
554 429 697 464 opinionem
707 447 716 459 ‚
732 429 766 454 il-

349 465 385 490 los
395 465 490 491 scilicet
498 483 507 495 ,
517 467 561 501 qui
569 465 693 490 inferioris
702 482 712 495 ,
722 463 765 490 vel

348 500 365 525 fi
372 503 461 531 mavis,
470 502 613 526 recentioris
623 502 669 526 aevi
677 509 765 526 monu-

347 545 429 562 menta
435 555 444 567 ,
452 537 544 571 lapides
550 555 559 567 ‚
568 545 683 562 nummos
690 554 699 566 ,
706 536 765 561 alia—

125 580 174 606 que
182 572 209 597 id
215 580 292 607 genus
301 590 309 602 ‚
317 571 459 597 illustranda
466 572 527 597 susci
546 580 614 598 erent
622 590 631 602 ,
645 571 763 607 superva-

126 616 225 632 caneam
232 625 240 637 ‚
249 617 277 632 ac
287 609 385 641 prorsas
393 582 568 633 infructuosgm
576 617 678 643 operam
686 609 713 632 in
724 607 763 633 his

124 652 231 677 ponere,
248 642 328 668 veluti
346 642 425 668 sterile
434 661 443 673 ,
460 652 487 668 ac
501 644 605 668 minime
615 642 765 677 frugiferum

123 677 203 703 solum
212 678 378 707 excolendum
386 678 430 704 fibi
439 678 607 713 affumpfiffent
616 688 624 709 ς
639 678 763 704 existima-

123 721 210 739 verant
227 716 309 745 enim,
325 714 382 740 leve
396 715 531 749 quiddam,
547 724 574 740 ac
584 716 744 749 nugatorium
753 732 762 744 ‚

121 748 210 774 harum
218 759 300 775 rerum
308 750 478 776 tractationem
486 759 492 774 z
503 749 580 775 nostra
589 757 673 775 autem
680 758 761 780 aetate,

123 785 148 810 δε
154 786 182 809 in
190 784 236 810 hac
245 785 300 811 luce
309 786 449 811 litterarum
456 785 557 811 istorum
565 784 683 810 sententia
692 803 701 815 ,
718 787 763 820 qui

121 821 219 845 tantsrm
227 828 310 846 vetera
317 821 481 851 extollebant,
489 822 628 846 recentium
636 820 764 850 incuriofi,

123 864 156 881 ex
169 858 283 882 omnium
296 858 387 882 animis
397 874 405 887 ‚
424 866 473 882 non
490 856 568 882 modi>
576 856 688 882 concussa
696 874 705 886 ,
724 855 766 882 sed

123 890 219 923 excuss'a
233 894 332 927 penitfis
345 893 460 923 videtur3
475 892 565 918 summi
580 893 663 922 enirn,
679 901 706 917 ac
719 891 765 917 do·

123 926 220 952 &immi
229 929 279 953 viri
287 946 297 958 ,
304 929 417 953 maximo
425 937 483 953 cum
493 928 577 954 labore
584 945 593 958 ,
602 935 629 953 ut
636 927 764 953 inferioris

124 964 171 988 aevi
178 970 300 998 tempora,
308 965 334 988 in
343 965 504 998 ignorationis
512 963 633 992 tenebris,
639 972 698 997 quas
705 962 765 987 Bar-

122 997 239 1024 barorum
247 1001 273 1024 in
281 999 380 1025 Italiam
388 999 506 1025 adventus
515 999 648 1024 induxerat
655 1017 665 1030 ,
682 1000 766 1030 jacen-

123 1035 157 1059 tia
166 1052 176 1064 ,
184 1034 333 1061 illustrarent
340 1052 349 1065 ,
364 1043 449 1060 omnes
458 1035 600 1069 Regionum
607 1052 616 1064 ,
632 1044 660 1059 ac
667 1033 764 1060 Biblio-

124 1068 371 1106 thecatum³angu10s
384 1070 596 1106 pervestigarunt,
608 1073 635 1095 in
649 1072 762 1104 apricum

123 1105 273 1139 proferentes
291 1107 437 1141 scriptores,
453 1107 524 1132 rudes
538 1113 674 1141 utcumque
682 1123 692 1136 ,
709 1114 737 1130 ac
746 1104 765 1130 fi

500 1142 526 1171 A
710 1148 765 1175 quae
