4208 5536
1458 444 1553 538 145

278 568 428 667 ratius
457 556 743 666 Franciscus
782 555 947 661 Maria
975 552 1236 657 Vialardus
1266 552 1436 655 italioo
1463 548 1560 652 ser-

278 743 428 807 mone
461 714 515 806 in
548 718 664 805 vitae
696 705 873 802 initio.
911 703 987 805 Ex
1006 699 1097 802 hac
1114 697 1299 800 familia
1329 692 1565 833 prodiit,

282 857 369 985 qui
386 848 533 948 modo
566 848 751 948 summa
770 852 835 957 in
851 852 1078 945 omnium
1096 843 1453 945 existimatione
1480 836 1564 957 est,

283 988 530 1091 Camillus
566 991 612 1092 S.
629 992 692 1094 R.
709 992 762 1093 E·
783 986 932 1090 Card.
952 985 1267 1125 ampliffimus
1283 1056 1299 1098 ,
1317 993 1432 1082 vitae
1452 1015 1566 1117 pro·

283 1129 438 1233 bitate
450 1204 467 1250 ,
486 1169 682 1233 morum
699 1133 967 1257 suavitate,
983 1167 1038 1229 ac
1055 1129 1306 1244 dostrina,
1327 1121 1563 1225 nobiliffi·

289 1307 430 1377 mum
447 1312 601 1416 genus
618 1277 977 1377 condecorans.

887 1479 970 1582 ΙΙ.

427 1742 708 1804 muocrnom.
745 1742 805 1803 nn·
841 1737 1073 1799 ocrnvus.
1107 1693 1339 1799 Pontifex
1394 1690 1561 1799 sedens

264 1845 563 1984 pontificali
599 1845 773 1945 habitu
793 1842 991 1942 indutus
1010 1914 1027 1959 ,
1062 1844 1263 1943 dextera
1282 1838 1568 1956 benedicit,
1597 1954 1600 1959 ¹

290 1985 469 2088 sinistra
489 2024 687 2087 crucem
704 1986 1083 2125 patriarchalem
1102 2015 1264 2085 tenet,
1509 2000 1515 2011 '

432 2126 586 2231 oronri
616 2168 663 2226 m
690 2163 868 2228 arcersrs
897 2170 940 2262 o.
969 2130 1074 2227 duae
1100 2128 1262 2228 claves
1281 2122 1567 2227 decussatae.
1609 2172 1612 2176 ·

294 2272 449 2409 Supra
466 2273 611 2373 Tiora
629 2343 646 2388 ,
665 2273 824 2371 tribus
846 2277 1039 2367 coronis
1060 2302 1228 2370 ornata
1245 2342 1262 2387 ,
1279 2267 1403 2368 infra
1421 2302 1536 2367 nvrsn
1555 2336 1569 2367 .
1655 2368 1658 2377 ,

365 2440 377 2471 *
428 2417 699 2511 Avenione
733 2418 872 2511 cuius
905 2448 1134 2513 nummus
1165 2414 1264 2528 est,
1294 2417 1344 2513 dt
1381 2407 1569 2509 siurbis

293 2584 476 2656 nornen
490 2564 606 2691 typi
625 2554 833 2689 scalpros
854 2591 1109 2692 perperam
1127 2553 1572 2692 exprefferit3initio

294 2696 616 2799 Pontificatus
647 2702 990 2816 innocentius,
1017 2697 1152 2797 iliius
1169 2700 1440 2805 Provinciae
1463 2705 1574 2824 jura

296 2840 356 2942 ad
392 2842 669 2941 Romanam
700 2843 953 2941 [ecclesiam
980 2837 1275 2977 spectantia,
1321 2870 1375 2937 ut
1412 2838 1574 2937 redin-

293 3014 542 3118 tegraret,
568 3023 694 3116 anno
721 2994 851 3106 1486
885 2984 1011 3120 apud
1047 2983 1287 3084 Carolum
1317 2982 1568 3080 Odiavum

298 3125 474 3227 Gaiiiae
504 3128 733 3263 Regem,
768 3134 854 3262 qui
891 3126 1033 3261 paulo
1063 3156 1172 3225 ante
1208 3124 1469 3225 Ludouico
1496 3121 1575 3221 XI

297 3269 433 3370 Patri
453 3267 763 3385 successerat,
798 3268 1013 3384 instetit,
1053 3300 1106 3368 ut
1136 3266 1225 3368 fibi
1259 3266 1577 3367 redderentur

300 3413 585 3512 Comitatus
614 3411 989 3526 Valentinenfis,
1018 3414 1070 3513 ἃ
1103 3408 1322 3512 Diensrs.
1364 3408 1469 3511 Hos
1503 3443 1576 3504 re·

297 3550 491 3650 stitutos
528 3556 588 3648 ab
617 3554 788 3651 eodem
821 3555 1076 3653 Ludovico
1099 3551 1330 3652 Pontifici
1365 3551 1455 3650 Pio
1469 3546 1575 3669 IL,

291 3701 399 3823 jam
419 3694 656 3809 diximus,
674 3692 751 3790 sed
766 3697 864 3829 poii
881 3696 957 3793 Pii
974 3695 1185 3811 obitum,
1204 3700 1408 3831 pervim
1425 3729 1574 3792 occu·

299 3848 402 3974 pati
424 3832 611 3934 fuerant
624 3872 641 3953 3
661 3833 937 3971 responsum
955 3868 1115 3936 autem
1135 3834 1365 3937 Pontifex
1384 3844 1410 3934 i
1430 3835 1573 3972 Rege

302 3986 490 4114 accepit
505 4050 521 4094 ,
536 3978 915 4078 controversiam
934 3983 1089 4097 hanc,
1109 3979 1381 4082 constitutis
1400 4007 1573 4078 mutua

301 4119 602 4221 consensrone
621 4121 838 4239 arbitris,
852 4129 1005 4221 amice
1024 4122 1218 4263 tranfigi
1232 4120 1380 4262 poffe,
1396 4156 1572 4220 verum
1628 4180 1635 4199 s

205 4360 214 4373 ,
295 4257 592 4362 Innocentio
620 4265 1066 4402 graviffimiscuris‘
1085 4293 1356 4403 occupato,
1391 4301 1465 4362 res
1481 4270 1573 4361 in„

156 4544 167 4561 ὁ
296 4399 436 4504 aliud
466 4432 661 4545 tempus
691 4408 882 4548 prolata
913 4411 977 4514 est
994 4482 1012 4530 ,
1045 4410 1161 4513 vide
1179 4405 1572 4513 Pantonum'Ca-

1043 4551 1092 4661 T
1425 4546 1575 4650 struc-
