4208 5536
535 410 563 506 8
572 415 606 509 0'

529 553 702 669 notizia
740 548 856 651 delle
891 548 1059 652 monete
1095 546 1331 691 Pontificie
1369 583 1469 694 pag.
1491 587 1629 683 203,
1671 552 1805 656 hunc
1951 536 1956 543 ⁵

527 729 792 795 nummum
827 691 929 831 post
964 690 1161 798 Urbani
1179 694 1244 793 V.
1276 727 1492 799 mortem
1529 697 1806 841 percussum

564 845 755 959 utavit3
789 830 1069 936 simillimus
1108 841 1243 940 enim
1279 835 1343 937 est
1379 838 1522 943 alteri
1554 837 1806 971 ejusdem„

522 872 819 1100 {ontificiffi
846 1014 997 1117 quem
1030 987 1082 1079 in
1104 978 1350 1118 superiore
1372 982 1538 1085 tabula
1569 980 1804 1085 exhibui·

522 1157 635 1224 mus
653 1158 895 1242 num.1v·,
921 1160 1013 1225 nec
1031 1120 1312 1253 hujusmodi
1329 1120 1499 1227 formae
1517 1123 1637 1226 alius
1655 1160 1805 1264 appa·

521 1293 599 1368 ret
630 1271 684 1367 in
714 1268 926 1368 denariis
942 1264 1242 1368 Pontificum
1258 1335 1275 1383 ,
1303 1275 1389 1405 qui
1405 1339 1422 1388 ,
1454 1266 1536 1372 vel
1564 1296 1677 1369 ante
1701 1268 1801 1371 Ur·

518 1407 725 1529 benum,
743 1408 827 1511 vel
844 1407 948 1547 post
965 1404 1128 1546 ipsum
1142 1406 1276 1511 fuere
1291 1447 1308 1531 3
1324 1438 1374 1509 at
1393 1408 1520 1511 illud
1536 1412 1800 1548 negocium

516 1548 725 1671 saceffit3
755 1550 889 1690 quod
921 1586 1101 1689 nempe
1135 1551 1240 1690 post
1261 1551 1458 1657 Urbani
1491 1549 1687 1655 obitum
1715 1550 1803 1654 de·

518 1731 629 1797 cem
643 1699 837 1796 tannim
854 1690 1027 1793 diebus
1047 1693 1336 1832 Apostolica
1354 1693 1501 1797 Sedes
1519 1698 1791 1815 vacaverit,

513 1872 617 1977 quo
647 1834 791 1941 brevi
807 1839 1043 1973 temporis
1061 1831 1247 1973 spatio,
1276 1844 1369 1941 vix
1400 1864 1556 1974 typus
1573 1832 1790 1974 insculpi

509 2009 706 2122 poterat
723 2017 741 2102 3
770 2012 948 2080 verum
966 1973 1175 2079 dubium
1189 1976 1286 2079 hoc
1304 2005 1627 2097 removetur,
1663 1977 1696 2077 fi
1716 1980 1795 2078 di·

379 2214 386 2219 .
513 2157 682 2226 camus
713 2150 903 2260 typum
929 2117 1066 2224 hunc
1083 2124 1288 2223 vivente
1313 2117 1473 2221 adhuc
1491 2116 1702 2225 Urbano
1718 2124 1796 2221 in·

514 2266 674 2372 cisum
691 2261 827 2369 fuiffe
865 2270 918 2363 in
933 2299 1041 2367 area
1069 2259 1280 2367 adversae
1296 2268 1448 2402 partis
1469 2330 1488 2384 ,
1510 2260 1796 2366 deficienti-

514 2409 608 2514 bus
627 2434 823 2515 tantum
840 2405 1021 2509 litteris
1040 2410 1093 2506 in
1108 2405 1302 2511 ambitu
1320 2446 1337 2530 3
1357 2441 1507 2547 quare
1524 2402 1690 2548 aliqua
1709 2443 1796 2509 ne·

519 2550 730 2657 ceffitate
756 2622 775 2671 ,
820 2548 1009 2653 nevam
1033 2545 1245 2652 cudendi
1271 2552 1525 2657 monetam
1556 2578 1794 2689 urgente,

519 2723 702 2798 exorta
734 2690 863 2795 forte
895 2728 961 2794 ex
994 2718 1054 2791 eo
1065 2726 1103 2810 ,⁴
1126 2692 1258 2831 quod
1276 2692 1543 2795 Avenione
1573 2690 1795 2835 abfueiat

517 2833 793 2956 Pontifex,
832 2830 1012 2955 εάἀίῑεε,
1032 2829 1210 2937 litterae
1240 2830 1427 2935 fuerint
1454 2838 1614 2933 veteri
1648 2868 1790 2933 aver-

513 2975 754 3226 saeffartis
787 3005 968 3124 typo,
1013 3000 1072 3081 ut
1118 2983 1399 3126 expeditius
1441 3001 1640 3083 moneta
1675 2974 1792 3079 cudi

518 3158 585 3267 po
627 3152 700 3228 et.
1514 3158 1519 3165 ’
