4208 5536
1475 493 1572 581 am

289 597 587 739 solymitana
618 593 814 703 Militia
846 633 1095 739 purpureo
1124 591 1287 739 galero
1322 594 1579 728 decorarit¹

287 744 392 848 Leo
408 746 473 848 X·
489 741 722 884 patruelis
740 777 868 845 anno
886 776 1056 867 1513„
1068 739 1127 842 ab
1142 739 1317 842 eodem
1336 737 1569 845 Bononiae

288 884 498 1024 Legatos
517 890 827 987 renunciatus
848 881 993 1000 est',ad
1015 881 1210 987 Urbem
1228 881 1368 981 illam
1386 914 1571 1000 tamen,
1641 988 1645 995 ,

289 1058 343 1128 ut
359 1036 467 1129 eam
485 1056 740 1165 regerent,
757 1022 887 1128 misrt
899 1022 1222 1128 Altobellum
1240 1026 1573 1141 Averoldum,

287 1167 608 1270 Laurentium
638 1165 894 1285 Fliscum,
919 1202 972 1265 ac
991 1163 1140 1283 alios,
1168 1200 1291 1302 quos
1311 1195 1575 1299 enumerat

285 1309 503 1412 Mafinus
521 1308 759 1413 Bononiae
783 1307 1079 1448 perlustrata
1097 1337 1236 1446 parte
1255 1340 1300 1429 3.
1323 1342 1432 1446 pag.
1456 1346 1570 1410 202.

289 1455 342 1557 dt
359 1450 494 1590 seqq.
501 1523 518 1571 ,
535 1488 691 1590 eoque
705 1487 910 1551 munere
926 1445 1083 1549 funeri
1098 1448 1227 1567 sunt,
1245 1445 1395 1586 usque
1409 1450 1469 1548 ad
1490 1487 1572 1549 an·

288 1631 411 1695 num
438 1628 620 1720 1523„
647 1630 783 1732 quo,
805 1593 1031 1693 Adriano
1048 1589 1277 1692 defunslo
1296 1663 1313 1709 ,
1334 1591 1573 1727 idemJu·

285 1735 381 1836 lius
420 1731 635 1872 supremi
665 1732 982 1840 Pontificatus
1012 1732 1257 1835 honorem
1296 1731 1569 1871 assequutus

286 1875 377 1981 effi
491 1920 493 1925 ’
945 2010 967 2117 I

423 2201 504 2266 ano
529 2198 806 2261 mou-arar.
836 2154 1285 2297 Pontificisceput.
1541 2292 1545 2300 ⁸

424 2338 574 2404 arura
589 2300 1195 2430 nomam,&infra1514.
1226 2301 1425 2403 stemma
1443 2303 1573 2404 Pon·

284 2442 504 2546 tilleium
524 2513 541 2560 ,
567 2440 811 2579 utsupra.

429 2584 704 2719 Vixjulius
721 2583 784 2686 II.
800 2655 818 2705 ,
832 2593 921 2722 qui
938 2585 1185 2702 Parmam,
1201 2587 1252 2686 dt
1270 2586 1573 2689 Placentiam

291 2755 666 2866 recuperaverat
680 2732 814 2846 ‚vita
832 2725 1048 2848 excessrt,
1062 2764 1179 2830 cum
1192 2723 1572 2831 Maximilianus

288 2867 469 2971 Slortia
495 2865 769 2970 Mediolani
794 2868 921 2972 Dux
948 2868 1138 2971 easdem
1169 2866 1336 2976 Urbes
1364 2871 1572 2992 invasu,

286 3045 408 3148 quas
424 3042 586 3110 tamen
602 3010 760 3111 Leoni
776 3082 795 3130 ,
814 3012 1075 3111 Summum
1087 3008 1443 3112 Pontificatum
1459 3015 1570 3113 ade-

284 3177 408 3290 pto,
432 3149 677 3268 restituit,
702 3158 776 3250 uti
797 3180 960 3279 narrat
978 3149 1320 3252 Bouaventura
1338 3154 1568 3293 Angelus

283 3302 341 3394 in
361 3290 579 3397 Historia
596 3290 758 3395 Civit.
777 3289 965 3392 Parmae
993 3291 1085 3394 lib.
1107 3327 1153 3415 5.
1173 3328 1285 3432 pag.
1303 3328 1454 3423 479.;
1486 3296 1572 3397 hic

284 3464 453 3537 tamen
470 3433 772 3537 Placentinis
791 3432 1010 3537 Civibus
1028 3468 1185 3536 novos
1199 3434 1410 3537 cudendi
1430 3476 1574 3541 num·
1592 3560 1595 3565 γ
1614 3488 1618 3497 ·

283 3609 390 3679 mor
409 3572 698 3677 facultatem
713 3574 885 3696 dedit,
913 3575 1183 3715 diplomate
1199 3575 1381 3715 signato
1395 3580 1570 3683 Romae

284 3716 464 3820 oslavo
487 3718 568 3819 die
583 3715 762 3819 Martii
788 3752 918 3820 anno
940 3753 1127 3847 1514„
1154 3753 1255 3855 quo
1267 3789 1286 3838 ,
1310 3753 1361 3819 uc
1375 3761 1570 3825 nummos

175 3954 183 3959 .
283 3897 478 3978 aureos,
506 3892 765 4000 argenteos,
785 3898 914 3961 aereor
929 3898 1022 3961 cum
1049 3860 1344 3997 hujuscemodi
1358 3862 1567 3967 litteris.

284 4000 450 4105 Leonis
465 3998 536 4103 X.
567 4002 804 4140 Pontificir
817 3998 1028 4104 Maximi
1045 4040 1229 4103 muner:
1260 4004 1316 4104 ab
1345 4005 1433 4106 alio
1454 4046 1574 4107 vero

284 4143 432 4243 latare
449 4180 540 4243 cum
555 4143 960 4285 vessrisinstguiir
985 4144 1139 4246 inissa
1155 4153 1356 4247 civitate
1380 4149 1571 4269 rudere,

287 4283 434 4425 eosque
451 4284 609 4424 ubique
627 4287 816 4391 locorum
841 4287 1104 4424 asportare,
1127 4288 1182 4386 (5
1189 4288 1411 4427 projusso
1421 4301 1571 4429 pretio

286 4423 536 4569 expendere
544 4424 732 4569 poffrtir,
747 4459 896 4534 tenore
907 4431 1217 4568 presentium,
1235 4434 1462 4535 licentiam
1485 4438 1573 4551 ,Θ

999 4569 1092 4673 Cc
1132 4606 1158 4670 2
1415 4573 1571 4714 ficul-
