4208 5536
720 514 724 523 -
1525 473 1621 570 105

336 628 444 699 area
473 631 502 695 1.
524 622 626 690 mv.
645 626 677 689 s.
716 586 898 692 litteris
931 581 993 688 ad
1010 587 1171 688 crucis
1191 580 1402 688 sormam
1420 583 1616 725 positis.

335 764 529 840 sarsurus
556 769 757 833 srvmus.
1295 750 1305 769 '

489 878 624 980 Binae
659 910 821 1014 parvae
857 875 1018 975 claves
1055 868 1303 974 decussatae
1333 879 1463 975 inter
1493 873 1616 976 duos

334 1021 552 1123 circulos
573 1056 718 1139 ,cum
740 1016 842 1118 rosa
857 1020 940 1139 ,δι
962 1009 1281 1153 inseriptitme
1297 1044 1359 1115 vs.
1375 1058 1530 1121 aruum
1564 1024 1620 1119 in
1717 1093 1721 1099 -

331 1165 495 1266 medio
509 1206 551 1264 Α.
571 1236 589 1282 ,
608 1169 773 1301 parvis
793 1201 911 1265 cum
927 1158 1154 1279 circulis,
1172 1157 1314 1301 supra
1333 1231 1350 1279 ,
1370 1162 1429 1259 ad
1447 1161 1615 1281 latera,

329 1309 380 1411 dt
395 1305 521 1410 ‘infra
540 1307 703 1444 positis
726 1380 737 1404 .
1343 1304 1346 1307 ’

468 1448 752 1553 Ludovicus
769 1444 1067 1551 Melioratus
1082 1517 1099 1565 ,
1116 1441 1394 1544 innocentii
1412 1443 1527 1543 VII.
1547 1482 1614 1551 ex

324 1588 474 1694 fratre
506 1614 691 1731 nepos,
721 1591 1008 1694 firmanam
1030 1588 1263 1706 Urbem,
1297 1586 1614 1691 beneficiario

315 1746 431 1865 jure
450 1735 705 1837 obtentam
725 1735 842 1853 ,diu
861 1734 1088 1876 possedit,
1103 1764 1315 1871 cumque
1331 1769 1457 1833 anno
1475 1738 1606 1860 1428

325 1876 556 1999 obiisset,
588 1878 814 1980 Asturius
832 1879 1000 1981 Piceni
1033 1880 1244 2015 Legatus
1264 1876 1488 1977 Firmum
1524 1913 1613 2007 veq

321 2029 402 2122 uit
415 2091 433 2139 ,
447 2050 519 2140 ut,
538 2019 791 2123 Pontificis
807 2022 1176 2139 nomine,illius
1194 2015 1354 2126 Urbis
1373 2016 1611 2157 poffeffio·

321 2199 439 2265 nem
458 2194 682 2302 caperet,
702 2201 878 2265 verum
896 2165 1135 2285 Gentilis‚
1154 2162 1399 2263 Ludovici
1425 2161 1608 2282 frater,

325 2309 377 2408 dt
395 2305 673 2425 Firmanus,
688 2304 909 2408 defundi
925 2311 1170 2443 Principis
1186 2304 1341 2424 filius,
1357 2312 1408 2404 in
1423 2342 1609 2426 «arcem,

324 2482 477 2585 quam
495 2447 765 2549 Gerionem
787 2451 1066 2568 vocabant,
1097 2452 1144 2549 ie
1164 2483 1418 2585 recepere,
1439 2447 1609 2588 ibique

324 2588 589 2694 iCivibus
606 2587 774 2692 obseffi
793 2590 933 2715 sunt,
964 2596 1012 2696 dt
1033 2593 1230 2694 tandem
1248 2627 1334 2727 per
1352 2588 1561 2730 Legatos
1580 2601 1608 2695 ir

322 2729 809 2836 FirmanisMartino
824 2735 1056 2838 Pontifici
1072 2734 1253 2853 missos,
1269 2733 1601 2838 controversia

319 2872 639 2999 baec,mutu0
655 2870 908 2999 consensu,
923 2881 1169 3018 dirempta
1193 2879 1277 2997 est,
1296 2877 1593 2980 concedente

315 3013 543 3122 Martino
560 3027 612 3120 in
629 3019 926 3159 stipendium
960 3020 1216 3124 sexcentos
1248 3056 1419 3120 aureos
1451 3060 1599 3123 uum·

211 3162 217 3173 ’
316 3197 426 3264 mos
441 3170 499 3263 in
517 3162 725 3303 fingulos
742 3163 1098 3267 'annosGentili
1115 3237 1131 3283 ,
1146 3201 1201 3263 ac
1215 3161 1464 3264 Ludovici
1477 3163 1601 3303 fitia-

314 3300 408 3407 bus
429 3307 628 3428 dotem,
647 3345 756 3446 quae
775 3347 941 3410 earum
961 3312 1234 3409 conditioni
1253 3306 1428 3408 decens
1448 3303 1560 3409 effet
1577 3379 1597 3429 ,

314 3475 462 3585 atque
492 3457 560 3551 ita
587 3488 694 3550 arce
727 3453 926 3570 dedita,
964 3452 1101 3559 Urbs
1121 3450 1204 3552 illa
1239 3457 1292 3549 in
1308 3449 1594 3588 potestatem

310 3587 568 3691 Pontificis
587 3592 816 3715 devenit,
846 3594 1194 3734 plaudentibus
1216 3592 1414 3695 civibus
1432 3665 1450 3713 ,
1469 3603 1594 3699 acin

310 3770 363 3834 ea
383 3741 577 3834 nummi
589 3734 803 3836 Martini
829 3746 1034 3841 nomine
1069 3734 1287 3878 insigniti
1319 3735 1417 3839 cusi
1446 3736 1591 3839 sunt.

309 3875 441 3981 Vide
458 3877 772 3981 Franciscum
787 3881 1040 3983 Adamum
1054 3883 1112 3986 de
1129 3881 1274 3983 rebus
1290 3884 1432 4020 gestis
1449 3887 1501 3980 in
1520 3888 1592 3983 ci·

307 4028 460 4122 vitate
478 4022 702 4124 Firmana
721 4023 807 4125 La.
829 4062 870 4124 c.
878 4060 905 4151 5
914 4059 960 4152 ς.
980 4027 1156 4141 folda.
1176 4025 1235 4127 ln
1252 4057 1388 4163 parte
1407 4024 1589 4149 aversa,

308 4162 356 4263 S.
373 4163 540 4267 Savini
555 4167 651 4293 (de
669 4203 769 4305 quo
788 4166 903 4269 alias
916 4180 938 4293 )
952 4202 1133 4270 nomen
1148 4168 1365 4308 legitur,
1393 4168 1590 4268 visatur·

307 4341 403 4442 que
416 4342 567 4444 parva
583 4310 809 4449 Aquila,
835 4346 947 4451 quae
976 4310 1191 4443 ejusdem
1214 4312 1369 4417 Urbis
1403 4311 1586 4453 insigne

303 4449 400 4567 est,
433 4479 490 4553 ut
525 4448 686 4563 videre
704 4452 822 4561 licet
852 4457 982 4598 apud
1005 4455 1304 4700 Ughgnum
1320 4456 1430 4559 Ital.
1449 4457 1582 4624 Sacr.

1538 4634 1590 4699 tn
