4140 5536
510 354 762 503 Pontificio
777 364 965 472 Patrui
983 342 1040 474 Τ
1034 373 1086 470 ui
1111 357 1422 472 hereditaria
1447 350 1741 502 Clementia,
1761 399 1862 520 qua
1933 462 1936 467 .

496 506 561 658 fit
573 598 593 649 ,
612 548 668 625 ut
684 555 780 626 non
804 533 1015 630 tenuitas
1032 512 1368 671 munusbulum
1388 514 1474 629 boc
1488 520 1697 663 nostrum
1716 562 1860 633 excu·
1975 622 1977 631 ,

499 662 575 821 set
589 756 606 805 ,
622 707 713 828 quo
731 669 953 830 minusse
975 670 1086 791 Tibi
1108 666 1366 830 consecret,
1388 710 1479 787 aut
1491 694 1758 825 exiguitate
1765 677 1862 837 sua

508 826 828 948 deterreatur.
842 840 1103 977 Acceptum
1119 848 1284 982 itaque
1306 826 1419 947 Tibi
1427 826 1537 987 fore
1551 832 1725 983 confido
1734 833 1860 978 posl-

509 981 718 1096 bumum
733 983 860 1099 bunc
868 984 1050 1147 foetum
1054 985 1235 1148 fratris
1247 1003 1343 1098 mei
1362 987 1607 1099 Benedibi
1623 985 1744 1105 Abb.
1764 988 1865 1101 Flo·
1933 1088 1937 1097 .

509 1158 756 1278 navantis,
772 1160 877 1297 qui,
899 1144 1027 1256 nullo
1038 1175 1302 1289 praeunte,
1319 1159 1371 1255 in
1386 1138 1508 1298 bisce
1530 1161 1744 1256 nummio
1755 1176 1864 1291 per·

510 1299 776 1450 quirendis,
793 1296 1173 1457 illustrandisque
1194 1334 1321 1412 totus
1338 1297 1587 1418 incubuit.
1604 1311 1727 1419 Cum
1744 1308 1863 1415 verb

510 1454 714 1609 aliquod
740 1454 945 1615 obsequii
976 1491 1322 1607 argumentum
1356 1455 1469 1568 dari
1494 1453 1607 1569 Tibi
1638 1466 1673 1568 ti
1704 1459 1864 1569 Flora·

509 1609 747 1749 vantibus
782 1648 1025 1763 oportere,
1053 1610 1222 1725 multis
1253 1609 1525 1724 nominibus
1545 1610 1696 1763 probe
1713 1612 1863 1775 senti-

509 1808 634 1907 rem,
649 1767 885 1926 nescitam
899 1763 1105 1924 nancisci
1113 1798 1308 1913 poterat
1319 1783 1517 1917 gratius
1535 1767 1691 1886 ullum
1705 1857 1723 1904 ,
1737 1768 1868 1924 quod

509 1919 771 2080 nonsolum
792 1926 966 2039 collata
994 1939 1047 2036 in
1066 1966 1148 2037 nos
1164 1922 1385 2076 beneficia
1402 1922 1565 2070 testari
1574 2011 1596 2063 ‚
1617 1924 1710 2081 sed
1720 1958 1864 2043 tuam

511 2119 696 2235 quoque
702 2101 930 2233 gratiam
945 2097 1147 2208 inirent
1154 2094 1423 2228 promereri
1427 2077 1590 2231 poffm
1604 2080 1865 2249 Qoniam

509 2272 677 2349 autem
694 2237 939 2392 quidquid
950 2236 1056 2348 elici
1069 2231 1622 2388 eruditionis,quidquid
1631 2238 1867 2362 utilitatis

503 2409 694 2541 percipi
706 2394 856 2540 potest
874 2438 935 2508 ex
950 2393 1037 2508 boc
1052 2392 1305 2546 ‘Pontificio
1320 2389 1679 2528 Cimoliarcloio,
1692 2395 1750 2505 ta
1767 2435 1865 2512 om·

510 2590 569 2659 ne
586 2566 640 2662 in
655 2567 1012 2696 nuncupatoria
1025 2549 1217 2698 epistola
1225 2548 1479 2703 persequi,
1515 2547 1609 2696 nt'fi
1616 2541 1760 2661 abuti
1778 2592 1864 2663 ve-

339 2802 343 2805 .
509 2705 600 2815 lim
608 2724 856 2849 patientia
874 2720 1185 2849 muninime
1190 2698 1277 2860 fas
1291 2699 1370 2844 esl,
1379 2695 1662 2859 prasertim,
1683 2746 1792 2815 cum
1800 2703 1865 2857 fit

509 2895 614 2972 tota
629 2876 683 2977 t'n
697 2872 848 3009 Opere
860 2859 920 2973 de
935 2862 1023 2979 boc
1034 2872 1319 3015 argumento
1338 2858 1865 3011 disputatio,colopboni

509 3056 716 3131 manum
733 3036 993 3168 inponam.
1033 3028 1142 3137 Tua
1162 3036 1318 3170 igitur
1334 3011 1631 3166 benignitate
1652 3013 1862 3172 confisus,

501 3189 800 3319 patrocinii,
830 3177 960 3329 quod
972 3189 1089 3315 jam
1133 3175 1196 3286 ab
1230 3171 1452 3338 infantili
1470 3207 1612 3283 atate
1632 3201 1866 3317 »expertus

499 3323 635 3483 form,
649 3348 1055 3461 continuationem
1069 3347 1121 3446 in
1130 3329 1369 3479 posterum
1387 3344 1555 3455 etiam,
1576 3344 1630 3442 it
1646 3326 1793 3466 mibi,
1811 3349 1865 3447 et

499 3479 682 3643 fratris
698 3487 853 3633 opella
858 3488 1140 3633 posthuma,
1155 3521 1212 3599 ut
1227 3484 1498 3634 impendas,
1517 3500 1656 3598 enixe
1663 3483 1865 3633 postulo,

509 3655 565 3754 (t
580 3643 939 3799 affeqnuturum
949 3641 1116 3805 spem.
1156 3656 1368 3761 Virtutes
1386 3678 1497 3754 tuas
1518 3643 1868 3758 EMINENTIS·

513 3799 1100 3957 s1MEPR1Ncsses,]ila
1126 3817 1292 3946 potius
1328 3811 1615 3948 cogitatione
1650 3795 1867 3951 affequt,

512 3992 662 4105 quam
683 3957 824 4069 brevi
838 3974 1050 4072 oratione
1064 3956 1302 4104 explicare
1319 3969 1403 4095 ,in
1420 3950 1612 4064 exordio
1628 3951 1864 4066 delibera·

512 4126 590 4248 eu}
606 4154 713 4226 cum
735 4117 911 4254 Te,vel
925 4154 1018 4226 uno
1034 4150 1114 4225 tuo
1128 4107 1465 4259 nomine,qnod
1480 4106 1626 4219 Liber
1639 4105 1864 4267 infinum

504 4292 668 4416 gerit,
688 4271 884 4427 fingula
899 4272 1096 4425 quaque
1123 4287 1341 4381 nationes
1373 4261 1608 4414 immenfis
1635 4261 1863 4375 laudibus

515 4428 818 4544 cumulatum
837 4427 919 4583 effe
938 4422 1254 4586 cognoscant;
1282 4462 1367 4533 nec
1381 4422 1545 4541 alienu
1563 4416 1865 4536 commenda·

517 4607 642 4705 tione
657 4585 941 4740 indiguisti,
956 4599 1043 4747 qui
1051 4578 1245 4728 prestat
1252 4575 1380 4734 sua.

1769 4736 1867 4845 loo·
