4208 5536
1468 492 1567 585 213

283 598 559 706 Beatilsrma
578 599 771 737 Virgo,
804 602 855 704 δι
872 598 918 702 S.
931 596 1109 738 Joseph
1130 598 1370 739 ,genibus
1388 596 1569 718 flexis,

283 739 698 880 infantemjesum
714 814 731 860 ,
749 748 801 840 in
815 738 1026 881 praesepe
1036 752 1283 870 jacentem
1298 814 1315 863 ,
1331 743 1533 845 adorant
1561 813 1574 841 .

426 928 482 989 ar
499 923 647 989 sonan
662 921 766 987 exer
784 922 956 988 namra
973 922 1088 987 suna·
1107 956 1119 982 .
1139 883 1373 988 Pontifex
1395 882 1572 985 solem·

285 1038 340 1131 ni
356 1029 531 1133 habitu
561 1016 761 1127 indutus
776 1098 794 1144 ,
822 1024 1058 1129 ambabus
1085 1027 1311 1131 manibus
1331 1026 1572 1131 malleum

287 1206 456 1281 tenens
473 1244 490 1293 ,
506 1172 709 1274 Portam
729 1168 951 1271 Sanflam
972 1176 1128 1308 aperit
1146 1240 1165 1287 ,
1183 1169 1285 1308 post
1304 1165 1467 1309 ipsum
1484 1166 1574 1269 ali·

289 1345 413 1455 quot
429 1315 630 1417 advenae
647 1383 670 1451 ¹,
695 1310 904 1412 corollas
925 1320 1254 1450 precatorias,
1289 1324 1341 1424 ἃ
1372 1309 1573 1413 baculos

269 1455 545 1599 'genuflexi
573 1482 775 1572 tenent,
802 1450 943 1592 supra
972 1453 1018 1555 S.
1040 1455 1211 1555 Petrus
1244 1451 1383 1554 clave
1411 1459 1571 1591 aperit

289 1603 434 1706 Coeli
450 1600 708 1716 Portam,e
724 1632 820 1734 qua
837 1595 1005 1698 lumen
1020 1604 1073 1696 in
1091 1592 1353 1726 snbjestam
1368 1593 1575 1697 alteram
1599 1706 1602 1711 ,

294 1772 492 1885 portam
520 1737 799 1841 descendit.

243 1902 247 1909 '
432 1883 627 1987 Inditro
641 1891 668 1983 ὲ
684 1882 945 1986 Clemente
966 1881 1083 1985 VII.
1104 1881 1441 2018 annoJubileo
1464 1956 1480 2000 ,
1500 1878 1575 1982 so·

291 2029 546 2165 lemnique
575 2062 755 2166 pompa
783 2027 845 2129 ab
863 2023 1036 2127 eodem
1065 2057 1229 2163 aperta
1244 2023 1456 2126 Bafilicae
1474 2025 1576 2125 Va-

290 2179 466 2274 ticanae
482 2169 650 2273 Sanfia
664 2170 812 2270 Porta
837 2178 890 2269 in
906 2169 1173 2306 pervigilio
1206 2166 1309 2269 felli
1328 2167 1577 2269 Nativita-

294 2321 359 2415 tis
378 2313 591 2416 Domini
607 2382 625 2428 ,
640 2311 772 2449 quod
790 2320 844 2412 in
861 2346 1067 2410 nummo
1084 2316 1405 2447 exprimitur3
1421 2345 1575 2409 annus

293 2457 378 2556 laic
405 2489 584 2582 1525„
613 2463 701 2591 qui
719 2453 984 2552 laetissimus
1018 2453 1207 2552 cunflis
1237 2451 1325 2550 elle
1343 2452 1577 2553 debuerat

293 2596 361 2700 ob
393 2598 631 2697 indistam
663 2595 849 2698 Chri-sti
868 2593 1098 2698 fidelibus
1133 2632 1381 2720 noxarum
1409 2592 1578 2732 publi·

230 2816 235 2823 ·
292 2777 406 2841 cam
423 2747 793 2879 expiationem,
816 2736 1027 2841 funestus
1047 2770 1211 2840 tamen
1237 2738 1445 2856 accidit,
1474 2737 1579 2839 Ro·

295 2920 430 2984 mam
458 2890 590 2984 enim
609 2883 713 2983 lues
729 2877 1001 3002 invaserat,
1030 2884 1216 2988 crebris
1234 2877 1486 2983 funeribus
1505 2876 1581 2980 lu·

292 3023 491 3141 fiuosa,
527 3030 577 3128 ἃ
611 3021 1063 3126 recrudescentibus
1102 3036 1229 3125 inter
1263 3022 1575 3127 Christianos

296 3169 552 3305 Principes
571 3164 751 3283 bellis,
786 3162 1066 3265 Franciscus
1081 3164 1259 3268 Galliae
1278 3166 1392 3267 Rex
1416 3171 1467 3263 in
1482 3163 1580 3266 Ita·

295 3310 417 3411 liam
436 3345 550 3411 cum
566 3314 789 3411 exercitu
815 3315 1047 3425 veniens,
1080 3306 1362 3411 &feliciter
1381 3303 1582 3408 Medio·

236 3548 241 3559 .
296 3453 411 3554 lano
443 3462 666 3589 potitus,
696 3450 935 3555 Ticinum
970 3443 1115 3554 irrito
1145 3480 1321 3581 conatu
1350 3446 1579 3572 obsedit,

295 3588 638 3734 Hispanique,
673 3603 817 3697 novis
847 3594 978 3696 aucti
1010 3603 1173 3733 copiis
1209 3591 1516 3694 eGerrnania
1553 3601 1580 3692 a

298 3736 551 3840 Borbonio
567 3735 821 3855 addudiis,
846 3745 899 3837 in
919 3740 1125 3878 praelio,
1141 3744 1355 3839 maxima
1372 3774 1486 3835 curn
1503 3744 1580 3835 in·
1660 3840 1664 3847 ,

298 3890 616 3996 rernecione,
651 3876 826 3979 Gallos
863 3879 1195 4016 superarunt,
1231 3880 1432 4017 ipseque
1463 3880 1581 3980 Rex

296 4030 475 4122 acriter
488 4021 727 4121 dimicans
746 4093 763 4139 ,
790 4029 842 4121 in
860 4023 1147 4160 potestatem
1174 4024 1389 4125 hostium
1411 4029 1578 4123 venit.

298 4160 361 4263 In
376 4163 640 4267 Germania
659 4163 822 4264 rullic‘i
840 4235 858 4283 ,
877 4124 966 4303 qul
983 4173 1169 4305 impia,
1185 4203 1408 4304 novaque
1427 4168 1486 4266 de
1506 4203 1580 4264 re·

297 4304 483 4442 ligione
512 4308 741 4447 dogmata
769 4307 992 4446 amplexi
1008 4308 1234 4429 fuerant,
1260 4309 1481 4410 Luthero
1508 4314 1584 4405 in·

293 4479 498 4550 centore
508 4450 843 4595 ,dusioreque
857 4452 1054 4566 Thoma
1068 4453 1356 4595 Muntzero,
1372 4456 1580 4594 arreptis
1610 4446 1617 4461 ’

1526 4626 1580 4695 tu
