4208 5536
515 448 611 523 122

516 567 643 662 tium
661 548 941 659 Alexandri
959 548 1053 658 VI.
1081 548 1280 659 Callisti
1305 586 1370 657 ex
1389 546 1803 694 sotoieitcootin

516 702 667 806 modo
689 701 899 819 bovem,
928 697 1084 801 modo
1103 729 1302 805 caucum
1320 695 1478 801 dicit.

655 984 1291 1121 *Fenuswsnotnnt1u50
1334 980 1466 1092 Rosa
1499 1051 1519 1107 ,
1574 983 1627 1089 &
1659 978 1806 1086 stem·

518 1160 705 1247 tna,ut
727 1123 902 1267 supra.
1543 1140 1554 1177 “

661 1267 719 1387 ’1⁴
750 1310 921 1379 nomon
945 1284 1050 1377 non
1082 1312 1227 1398 ane
1261 1309 1491 1391 numnius
1524 1267 1803 1399 Navicuin,

519 1421 572 1515 in
594 1424 731 1542 cujus
762 1415 931 1515 medio
950 1420 1132 1537 Crux,
1165 1414 1293 1523 hanc
1312 1417 1545 1521 &Petrus
1580 1412 1806 1517 sinistra...

519 1596 667 1661 manu
689 1588 822 1658 tenet
840 1628 857 1679 ,
876 1558 1079 1669 dextera
1100 1568 1222 1663 vetti
1241 1597 1380 1665 remo
1398 1556 1649 1661 incumbit
1668 1627 1681 1655 .

663 1699 1012 1803 Pontificatum
1031 1704 1235 1841 adeptus
1253 1700 1486 1807 Callistus
1507 1699 1567 1802 ad
1586 1702 1804 1838 compris·

522 1840 758 1943 mendum
792 1841 1070 1948 Turcarum
1105 1845 1358 1965 furorem,
1393 1843 1586 1946 bellum
1616 1849 1671 1944 in
1691 1839 1807 1943 illos

521 1986 754 2085 instruere
772 1992 960 2122 coepit,
993 1987 1050 2087 ati
1073 1988 1206 2128 quod
1221 1999 1322 2120 jann
1341 1993 1427 2085 diu
1440 2018 1579 2086 antea
1597 1981 1808 2085 solemni

522 2158 648 2227 voto
685 2126 731 2227 se
768 2128 1131 2232 obstrinxerat.
1160 2128 1513 2265 jusjurandum
1532 2133 1699 2266 itaque
1717 2163 1812 2267 pu·
1927 2212 1936 2227 .

521 2266 657 2371 blicc
675 2268 989 2376 confirmavit
1009 2344 1029 2392 ,
1059 2282 1342 2412 iterumque
1358 2268 1518 2377 emistt
1530 2345 1549 2391 ‚
1582 2279 1657 2375 uti
1675 2270 1813 2373 testa·

522 2440 603 2512 tur
624 2412 674 2517 S.
691 2417 977 2518 Antoninus
997 2450 1177 2557 parm.
1195 2421 1361 2519 cinno.
1376 2450 1569 2554 cap.14.
1592 2420 1701 2521 init.
1723 2485 1741 2533 ,
1760 2417 1812 2520 δι

415 2564 419 2571 ’
524 2555 940 2696 Chirogtaphurn
989 2558 1249 2677 ostendit,
1303 2566 1356 2661 in
1404 2558 1620 2697 quodam
1670 2555 1807 2663 libro

523 2695 605 2800 fue
656 2737 804 2801 manu
853 2700 1143 2838 scriptum,
1189 2709 1378 2839 inquo
1411 2702 1463 2837 se
1499 2703 1663 2820 bello,
1714 2738 1808 2807 ma-

524 2839 746 2959 odinis,
783 2846 1080 2965 modiin,
1112 2847 1509 2963 execrationibus,
1539 2850 1595 2947 Θ
1630 2843 1806 2984 quibust

525 3022 703 3125 cumque
719 2986 849 3084 rebus
874 2999 1106 3126 potuerit,
1141 2987 1311 3090 ancos
1331 2989 1590 3090 Christiani
1619 2995 1809 3095 nannents

525 3129 946 3264 hostesfievifflmos
956 3129 1326 3271 persequuturum
1342 3129 1602 3241 testabatur
1622 3201 1639 3249 ,
1659 3161 1714 3230 ut
1734 3165 1812 3230 re·

528 3267 624 3372 sert
639 3273 842 3374 Plotina·
857 3280 909 3373 in
926 3283 1026 3401 ejus
1041 3281 1145 3377 vita
1164 3271 1246 3373 sol.
1265 3311 1335 3373 m.
1353 3311 1377 3373 2
1387 3308 1411 3395 3
1416 3310 1468 3394 9.
1489 3309 1651 3411 pago.
1668 3342 1686 3393 ,
1719 3277 1810 3410 qui

525 3423 672 3513 ctiam
691 3414 826 3513 addit
846 3487 862 3533 ,
881 3416 1015 3554 quod
1026 3421 1244 3518 admirati
1263 3417 1372 3551 sunt
1399 3454 1578 3537 omnes,
1613 3426 1690 3557 qui
1703 3415 1814 3517 ade·

525 3590 627 3655 rant
646 3628 662 3675 ,
701 3560 817 3696 quod
828 3558 1138 3693 bonosenex,
1173 3598 1225 3659 ac
1240 3562 1349 3696 firi
1368 3558 1620 3698 decrepitus
1638 3593 1812 3661 tantum

524 3707 663 3800 animi
677 3701 892 3800 baberet.
931 3702 992 3802 Et
1010 3701 1268 3841 profeiici,
1302 3702 1434 3840 quod
1452 3702 1555 3841 ipse
1574 3700 1810 3839 promisc-

524 3871 630 3961 cat,
667 3879 718 3943 re
737 3843 993 3982 praestitit,
1028 3883 1139 3947 nam
1160 3880 1245 3984 per
1266 3843 1540 3946 univetiam
1561 3829 1832 3980 Europam'

528 3995 903 4088 concionatores
933 3988 1099 4108 misit,
1123 3994 1211 4129 qui
1238 3988 1447 4127 populos
1483 3988 1542 4089 ad
1576 4020 1710 4087 arma
1729 3984 1814 4087 ad·

523 4127 691 4231 versus
712 4132 897 4239 Tuccas
917 4131 1181 4251 sumenda,
1210 4139 1545 4250 concitarent,
1575 4124 1812 4267 Legatos·

524 4310 619 4410 que
636 4275 693 4375 ad
715 4278 876 4414 Reges
911 4313 965 4375 ac
985 4279 1240 4417 Principes
1273 4271 1520 4412 delegavit
1539 4273 1596 4375 ad
1617 4269 1809 4379 iactum

521 4411 711 4520 bellum
730 4420 1065 4564 capessendum
1082 4497 1099 4548 ,
1117 4416 1305 4559 hosque
1322 4419 1484 4557 mpito
1503 4457 1622 4525 auto
1629 4423 1769 4547 juvit
1786 4482 1808 4533 2

1632 4562 1686 4697 ⁴&
1703 4557 1814 4663 suc·
