4208 5536
515 456 613 549 160

509 598 558 689 in
577 576 1144 718 monetisſsrinscribendo:
1181 568 1434 715 integrum
1451 576 1673 719 diploma
1691 581 1795 685 hucl
1935 570 1940 579 ⁸
2020 653 2026 663 -

506 729 691 869 legitur
721 721 850 863 apud
862 717 1188 857 Raynaldum
1204 716 1349 823 Torn.
1366 758 1432 817 xx.
1450 723 1633 824 Annal.
1653 723 1788 828 Eccl-

507 873 569 973 ad
587 906 661 971 an.
682 881 817 995 1506
832 898 969 965 num.
989 896 1068 989 25.
1104 860 1329 981 Verum,
1347 898 1463 965 cum
1483 865 1688 970 Gallicae
1707 904 1793 971 co·

510 1020 606 1155 piae
633 1010 820 1145 iRege
852 1002 1131 1122 submissae,
1165 1005 1225 1105 ad
1264 1003 1422 1109 Urbis
1454 988 1589 1129 illius
1621 1039 1788 1148 portas
1954 1143 1957 1149 Ι
2099 1092 2101 1119 2

355 1182 363 1195 “
509 1148 843 1268 advenissent,
869 1143 1189 1262 Bentivosus,
1206 1144 1599 1288 septuagenarius
1620 1152 1786 1274 senex,

508 1305 730 1399 animum
744 1291 1072 1430 despondens,
1104 1285 1373 1394 Ciamonte
1390 1292 1578 1395 Gallici
1593 1303 1788 1399 exerci-

510 1469 592 1542 tus
624 1436 850 1576 supremo
866 1433 1011 1537 Duce
1039 1432 1308 1569 sequestro,
1342 1434 1495 1575 passis
1523 1438 1788 1573 cumJulio

505 1579 891 1696 conditionibus,
903 1574 1021 1676 filiis
1037 1645 1054 1692 ,
1071 1600 1272 1712 totaque
1288 1573 1479 1681 familia
1497 1585 1785 1699 comitatus,

508 1722 733 1825 Bononia
752 1715 1574 1837 relisia,Mediolanumconceffit.
1615 1722 1786 1823 Ponti·
1837 1808 1840 1815 ,

415 1914 417 1917 ’
470 1924 472 1929 >
508 1863 654 1968 ficem
689 1866 769 1963 die
785 1889 956 1998 quarta
972 1857 1274 1959 Novembris
1303 1871 1355 1962 in
1374 1902 1481 1964 eam
1500 1861 1694 1964 Urbem
1710 1871 1789 1963 in4

507 2005 747 2147 gressum,
777 2002 1061 2142 plaudentes
1080 2005 1213 2099 cives
1232 2009 1449 2105 maxima
1468 2039 1584 2102 cum
1601 2038 1783 2143 pompa

507 2182 773 2287 excepere,
803 2143 926 2277 Julii
943 2150 1076 2260 iter,
1106 2178 1161 2240 ac
1176 2142 1459 2279 ingressum,
1476 2144 1780 2247 carminibus

507 2287 758 2427 descripsit
806 2285 1083 2390 Hadrianus
1132 2282 1413 2388 Cardinasis
1459 2285 1779 2397 Casteldensts

505 2431 636 2571 apud
671 2430 996 2534 Ciacconium
1020 2424 1271 2562 postremae
1307 2427 1429 2528 edit.
1465 2436 1519 2528 in
1550 2429 1669 2529 Vita
1694 2428 1785 2563 Ju-

506 2572 565 2673 lii
582 2571 648 2674 ΙΙ.
663 2574 860 2695 Tom.3.
879 2569 974 2672 cos.
991 2602 1106 2695 225.
1134 2568 1457 2682 Cherubinus
1474 2567 1777 2672 Ghirardac·

385 2804 388 2811 .
503 2722 606 2813 cius
636 2720 690 2812 in
722 2711 934 2815 Historia
964 2708 1250 2812 Bononiensi
1285 2742 1426 2847 parte
1442 2706 1520 2836 3.,
1553 2712 1777 2811 nondum

504 2846 651 2993 typis
679 2849 942 2990 evulgata,
977 2884 1128 2990 quam
1158 2849 1354 2989 legendi
1386 2851 1516 2954 mihi
1546 2860 1782 2994 copiam,

508 3032 600 3135 pro
617 2992 697 3096 sua
715 2992 1052 3114 humanitate,
1079 3029 1133 3093 ac
1150 2998 1205 3094 in
1222 2991 1415 3097 litteras
1444 2995 1637 3114 studio,
1666 2992 1787 3098 secit

505 3138 656 3239 Eritus
685 3137 920 3276 Princeps
944 3134 1191 3270 johannes
1222 3122 1478 3237 Antonius
1510 3137 1660 3241 Card.
1695 3137 1788 3240 de,

505 3279 602 3381 Via
619 3350 631 3377 .
651 3288 718 3382 ita
734 3277 935 3398 scribit,
960 3286 1305 3395 intercaetera,
1321 3277 1488 3380 dehac
1505 3313 1690 3417 pompa
1712 3279 1786 3382 lo·

508 3456 690 3559 quens:
715 3421 1025 3531 Avantinlui
1042 3420 1219 3544 (Ginlio
1237 3415 1327 3542 11.)
1345 3422 1529 3523 andavn
1547 3422 1783 3524 Ginvnnni

506 3563 728 3682 Gozndini
741 3565 935 3665 Datnrio
963 3560 1043 3661 del
1054 3562 1172 3699 Papa
1200 3599 1276 3661 con
1297 3560 1518 3682 un’nltro,
1540 3565 1786 3704 spargendo

502 3713 556 3810 al
561 3705 709 3842 popolo
727 3704 884 3806 denari
898 3702 945 3802 ns
947 3735 1127 3842 argento
1145 3772 1163 3822 ,
1191 3744 1213 3802 e
1239 3701 1360 3804 d’oro
1376 3778 1394 3825 ,
1426 3709 1472 3810 la
1487 3709 1597 3845 qual
1610 3736 1784 3805 moneta

289 3827 293 3835 ¹
388 3886 391 3895 ’
503 3847 562 3950 da
579 3884 662 3948 una
671 3877 805 3984 parte
822 3882 985 3947 avcva
1004 3843 1159 3984 quassa
1177 3849 1359 3948 lettere.
1380 3849 1574 3949 Bononia
1580 3880 1660 3982 per
1682 3845 1786 3982 ⁶Jn·
1856 3887 1866 3907 ·

503 3988 656 4093 liumni
680 3987 887 4122 Tyranno
905 3984 1135 4105 liberata,
1170 4029 1192 4087 e
1224 3989 1335 4090 dall*
1348 3994 1468 4089 altra
1480 4018 1643 4123 parte.
1687 3988 1789 4126 ‘Ja-

488 4133 592 4253 lius
608 4130 662 4229 11
673 4131 801 4233 Pone.
824 4127 965 4231 Max.
982 4199 999 4246 ,
1010 4131 1066 4269 st
1086 4164 1318 4271 gettnrono
1349 4140 1399 4232 in
1435 4162 1552 4229 tutto
1587 4163 1658 4230 tre
1673 4132 1784 4233 anila

501 4273 654 4372 ducati
655 4270 743 4412 fra
760 4312 833 4372 oro
852 4345 869 4392 ,
895 4305 1148 4373 emuncta:
1176 4270 1321 4372 idest:
1358 4271 1631 4375 Procedebat
1647 4307 1789 4377 ante,

502 4416 760 4553 Pontificem
799 4416 1037 4555 Johannes
1072 4413 1328 4534 Gozadinnr
1339 4485 1357 4535 ,
1390 4426 1466 4557 qni
1485 4418 1712 4532 Datarii,
1738 4444 1789 4516 ut
1931 4429 1934 4432 ’

1698 4590 1789 4657 vo·
