4140 5536
1484 495 1518 576 6

274 612 451 716 circuli
467 609 722 715 Pontificis
741 636 990 752 protomes
1029 604 1236 712 solemni
1272 514 1551 753 pontificali

268 757 396 858 velle
423 756 587 858 induti
621 751 776 880 (sicut
805 761 955 855 etiam
981 760 1033 852 in
1068 750 1380 892 sequentibus
1402 798 1545 861 num·

268 906 402 1022 mis)
421 895 703 1036 quisinillra
721 931 919 996 crucem
933 923 1102 1012 tenet,
1131 897 1337 1001 dextera
1352 911 1472 1004 verb
1488 902 1549 1002 ad

267 1036 660 1141 benedietionem
679 1038 1057 1175 impartiendam
1075 1041 1327 1142 extendit.
1368 1044 1547 1145 Exter·
1680 1038 1684 1042 ’

264 1217 387 1300 nus,
407 1185 641 1301 adoram,
667 1182 855 1281 denarii
873 1210 1050 1321 gyrus,
1068 1211 1268 1282 ornatus
1287 1183 1350 1285 est
1367 1182 1545 1293 floscu-

266 1319 327 1419 lis
344 1394 362 1442 ,
391 1355 473 1427 aut
491 1322 668 1425 stellis.

398 1471 457 1582 »1⁴
473 1504 605 1567 conss
634 1504 801 1567 vsursr.
841 1463 990 1565 Comes
1013 1463 1293 1601 Venaistnus,
1311 1465 1416 1567 duae
1428 1504 1540 1608 par·

258 1643 333 1711 vae
353 1603 810 1727 clavesdecuffatae,
841 1602 1040 1709 &Rosa
1077 1644 1191 1708 cum
1221 1606 1539 1744 inscriptione

258 1755 314 1848 in
332 1757 516 1850 minori
534 1748 756 1868 circulo,
785 1756 840 1849 in
857 1757 992 1876 cujus
1013 1750 1179 1849 medio
1196 1747 1342 1852 Crux
1362 1750 1458 1872 ell3
1486 1763 1542 1854 in

258 1886 414 1991 altero
428 1899 601 2020 majori
626 1889 685 2001 ὦ
701 1930 857 1992 antuus
885 1929 969 1989 ‘snt
1004 1908 1123 1994 osus.
1139 1931 1541 1998 ouuruorsusnrus.

263 2033 450 2171 Agimus
469 2032 559 2134 tibi
572 2043 749 2174 gratias
767 2034 1050 2168 Omnipotens
1069 2040 1218 2137 Deus.

393 2174 756 2281 EtsrClemens
791 2180 845 2273 iu
871 2172 1102 2297 denario,
1118 2178 1301 2281 Comes
1321 2174 1541 2277 Venaisr·
1605 2300 1614 2317 Ι

252 2353 346 2416 nus
377 2323 575 2418 tantum
601 2315 867 2454 inscriptus
887 2311 975 2433 fit,
1007 2313 1109 2451 ipse
1140 2348 1304 2418 tamen
1324 2317 1541 2452 Aposto-

256 2455 409 2559 licam
428 2459 602 2561 sedem
620 2451 977 2559 Avenionensrs
994 2456 1155 2562 Urbis
1173 2528 1191 2576 ,
1206 2460 1259 2560 δι
1275 2455 1538 2597 Regionis,

253 2633 363 2738 quae
394 2635 458 2699 ex
492 2636 545 2701 ea
577 2600 785 2738 pendet,
819 2599 1009 2698 ditione
1028 2608 1172 2701 auxit
1205 2596 1536 2703 annoChrilli

256 2776 279 2841 t
290 2746 426 2869 348,
459 2777 635 2880 magna
649 2748 754 2842 auri
766 2738 1091 2875 viijohanna
1106 2742 1299 2879 Regina
1319 2772 1493 2881 pmpta
1514 2813 1533 2862 ,

250 2883 310 2983 de
345 2921 440 3022 qua
467 2923 519 2984 re
554 2882 697 2986 fustus
736 2881 939 2986 inobis
984 2883 1229 3022 agendum
1264 2914 1525 3023 putamus.

241 3023 465 3160 Johanna
494 3025 708 3130 Roberti
730 3025 912 3130 Siciliae
931 3024 1084 3160 Regis
1120 3061 1185 3126 ex
1203 3025 1388 3127 Carolo
1415 3036 1532 3154 ejus

247 3164 385 3287 filio,
422 3173 474 3272 dc
508 3168 751 3272 Calabriae
785 3169 1014 3303 Principe
1051 3162 1362 3298 (Johannem
1399 3169 1535 3268 hunc

247 3311 477 3446 plerique
493 3296 766 3448 Scriptobes
784 3344 1043 3447 perperam
1066 3337 1338 3426 vocarunt,
1358 3338 1410 3409 ut
1430 3345 1535 3409 mo·

245 3457 358 3550 nuit
390 3452 663 3589 Stephanus
697 3448 926 3554 Baluzius
962 3461 1015 3552 in
1063 3459 1193 3550 notis
1220 3452 1279 3551 ad
1297 3458 1389 3551 vit.
1411 3450 1526 3589 Pap.

247 3595 413 3695 Aven.
442 3623 617 3694 torna.
636 3591 796 3723 col.85
802 3605 877 3721 9)
907 3598 1113 3733 neptis,
1149 3590 1251 3730 post
1263 3592 1371 3694 Avi
1397 3630 1530 3693 mor·
1617 3676 1623 3685 .

248 3761 386 3852 tem,
417 3740 470 3835 in
489 3737 668 3876 Regno
690 3732 906 3837 successit
924 3807 943 3854 ,
967 3739 1028 3839 ·&
1049 3729 1266 3836 Andreae
1281 3731 1531 3836 Ludovici

248 3874 403 4013 Regis
424 3877 690 4017 Hungariae
720 3875 860 3979 fratri
894 3883 1077 4015 nuptui
1111 3877 1288 3977 tradita
1307 3877 1406 3996 est3
1445 3913 1529 3976 ve·

250 4022 365 4119 riam
382 4057 496 4122 cum
512 4019 740 4153 johanna
755 4091 774 4143 ,
790 4055 891 4121 non
908 4017 1021 4120 esset
1040 4025 1101 4119 iis
1117 4093 1134 4140 ,
1169 4022 1258 4158 qui
1276 4018 1528 4155 Reginam

249 4158 458 4281 decent,
493 4164 701 4265 honestis
721 4161 942 4265 moribus
969 4160 1210 4299 praedita,
1242 4157 1423 4261 infelix
1438 4158 1526 4262 ille

248 4310 474 4423 maritus,
493 4305 573 4404 vel
592 4314 811 4446 conjugis
818 4302 966 4434 jussu,
977 4302 1059 4405 vel
1072 4299 1270 4422 assensu,
1287 4308 1341 4401 in
1358 4301 1523 4439 Aver·
1671 4386 1675 4394 .

248 4437 354 4546 sana
371 4448 592 4550 Ciuitate
626 4447 801 4588 laqueo
829 4478 1029 4553 necatus
1047 4445 1145 4566 ell,
1181 4441 1520 4586 ipsaqueanno

1064 4590 1088 4688 I
1447 4618 1531 4691 eo·
