4140 5536
515 413 580 499 σα

515 541 610 642 Vir
626 533 879 653 dodlrina,
913 535 980 639 &·
993 531 1171 675 pietate
1188 531 1347 637 clarus
1366 606 1383 653 ,
1420 570 1568 675 quem
1588 536 1786 646 honoris

514 676 995 787 causahicuomino·
1634 716 1639 726 ’

653 819 1104 951 Audlorestautem
1125 829 1229 944 jam
1246 853 1662 925 commemoratus·
1676 826 1786 929 An„

510 973 672 1071 tonius
703 961 1286 1101 StephanusCartharius
1310 969 1362 1065 in
1377 964 1650 1068 Prodromo
1669 1004 1788 1106 gen·

511 1105 667 1209 tilitio
685 1178 701 1225 ,
740 1105 1059 1207 Benedillurn
1092 1106 1208 1209 XII.
1240 1115 1438 1208 tertiam
1471 1107 1611 1213 illam
1646 1150 1785 1215 coro·

509 1286 626 1351 nam
658 1249 835 1389 Regno
865 1244 1128 1349 Pontificio
1156 1247 1426 1365 addidisse,
1465 1252 1566 1386 poll
1595 1288 1781 1389 quam,

506 1429 632 1497 anno
657 1408 802 1517 1336.
834 1389 1167 1528 percelebrem
1194 1386 1332 1493 illatn
1362 1390 1780 1498 Constitutionem

507 1533 663 1639 edidit
683 1558 822 1671 ,quae
839 1533 1001 1637 llatuit
1019 1532 1080 1637 ab
1096 1530 1326 1635 omnibus
1344 1532 1656 1639 Orthodoxis
1674 1574 1780 1642 crea

505 1676 720 1779 dentium
740 1751 756 1801 ‚
783 1681 965 1779 animas
986 1681 1206 1813 corporis
1226 1709 1359 1778 nexu
1380 1673 1588 1796 solutas,
1620 1687 1779 1783 onini-

506 1815 726 1959 quelabe
744 1856 923 1958 puras,
959 1812 1205 1921 claroDei
1222 1824 1439 1937 intuitu,
1471 1846 1580 1925 ante
1611 1854 1776 1930 extre·

502 1998 642 2067 mum
655 1962 946 2080 hominum,
965 1960 1374 2098 Angelorumque
1381 1962 1649 2087 judicium,
1660 1966 1773 2068 frui.

503 2108 701 2242 Qare,
733 2104 766 2202 sr
793 2140 900 2241 quoe
919 2110 1190 2204 marmorea
1209 2101 1457 2202 fimulacra
1475 2171 1493 2222 ,
1520 2103 1776 2244 velgeuti-

501 2246 611 2353 litia
632 2244 875 2351 stemmata
893 2318 912 2367 ,
928 2277 1007 2348 aut
1024 2244 1165 2382 pitiae
1181 2252 1417 2383 imagines
1435 2243 1680 2384 hodieque
1698 2246 1774 2350 su·

503 2385 718 2528 persrut,
746 2389 990 2526 inquibus
1010 2385 1158 2493 Tiara
1171 2386 1227 2491 stt
1240 2387 1429 2527 triplici
1448 2423 1622 2489 corona
1643 2390 1776 2492 redi-

501 2538 661 2648 mita,
689 2562 742 2634 ut
759 2534 930 2635 visrtur
947 2538 1001 2633 in
1018 2537 1352 2633 monumentis
1366 2526 1563 2633 Urbani
1581 2530 1671 2633 ΙΙΙ.
1686 2604 1704 2650 ,
1722 2538 1774 2638 &

504 2671 685 2777 Perufii
718 2673 925 2775 aliorum
953 2671 1281 2789 Pontificum,
1310 2677 1529 2808 quiante
1563 2673 1773 2776 Benedi-

497 2818 635 2921 ctum
652 2822 857 2938 vixere,
875 2852 928 2917 ea
941 2820 1106 2921 omnia
1125 2884 1142 2932 ,
1160 2811 1240 2917 vel
1260 2819 1502 2917 recentius
1521 2812 1642 2917 salla
1656 2887 1673 2935 ‚
1689 2815 1773 2918 vel

500 2960 561 3061 ad
581 2956 851 3096 posterioris
866 2963 959 3063 aevi
974 2955 1348 3061 fimilitudiuem
1364 2946 1616 3057 restaurata
1634 2957 1770 3059 suut.

498 3102 560 3205 Et
582 3108 660 3200 ita
694 3132 828 3203 certo
860 3106 1041 3204 certius
1074 3098 1339 3201 dicendum
1374 3095 1772 3202 deveneranda..

500 3243 547 3345 S.
569 3240 787 3344 Silvestri
819 3242 1072 3382 pontificia
1102 3240 1282 3359 Tiara,
1316 3273 1466 3376 quam
1505 3245 1772 3345 Avenione

499 3383 751 3505 delatam,
789 3424 841 3485 ac
876 3393 929 3487 in
961 3384 1204 3485 Vaticano
1239 3380 1429 3518 templo
1464 3385 1773 3489 reconditam

487 3526 744 3662 ‹Eugenius
762 3525 853 3629 lV.
890 3529 1047 3631 dieto
1070 3523 1323 3628 Februarii
1348 3557 1482 3653 1447
1503 3528 1562 3628 ad
1577 3525 1772 3629 Latera·

497 3667 695 3769 nensern
724 3669 978 3773 Basilicam
1020 3666 1225 3771 solemni
1258 3700 1439 3806 pompa
1481 3666 1722 3770 transtulit
1753 3706 1770 3789 3

493 3807 622 3910 hanc
642 3817 775 3913 euim
808 3813 966 3916 tribus
986 3815 1180 3921 coronis
1209 3841 1435 3914 ornatam
1460 3806 1594 3913 luisse
1612 3807 1771 3914 asserit

493 3950 713 4085 oculatus
746 3955 875 4057 tellis
893 3953 1164 4089 Stephanus
1185 3948 1772 4058 IusellureinCommen·

496 4102 623 4193 tario
635 4090 844 4216 Italico,
872 4095 1006 4234 quod
1039 4091 1141 4231 ipse
1160 4091 1402 4232 inscripsit
1436 4099 1605 4201 Diaria
1622 4135 1771 4200 rerum

476 4239 791 4355 'Romanarum
836 4243 1002 4377 paucis
1034 4235 1094 4341 ab
1126 4234 1246 4343 hinc
1282 4246 1421 4341 aunis
1460 4238 1597 4339 edito
1638 4238 1770 4373 iJor

399 4486 407 4493 ,
493 4377 713 4519 Georgio
746 4378 974 4491 Ekcardo
1013 4385 1067 4483 in
1102 4376 1388 4485 collectione
1423 4381 1773 4521 Scriptorum,

1664 4556 1768 4624 rue·
