4140 5536
481 434 560 644 lues
597 538 656 640 ad
674 574 857 640 annum
876 536 1064 641 Christi
1086 573 1198 664 32.,
1228 546 1279 645 δι
1310 582 1373 647 ex
1406 538 1581 647 libello
1608 550 1662 647 in
1675 545 1758 649 Bi-

281 716 283 720 *
481 667 988 786 bliothecaVaticana
1018 681 1247 785 asservato
1264 758 1281 805 ,
1315 696 1447 825 piam
1481 685 1619 787 illam
1649 726 1759 789 mu·

483 824 658 927 lierem
700 821 983 944 Berenicis,
1010 820 1090 925 seu
1107 825 1366 931 Veronicae
1392 835 1593 931 nomine
1620 828 1757 930 inille

487 967 814 1107 appellatam,
830 963 1137 1103 senilemque
1156 974 1426 1107 imaginem
1440 972 1656 1074 Romam
1676 971 1759 1070 de·

484 1107 643 1210 tulille
657 1107 853 1213 Tiberii
872 1105 1077 1210 Caesaris
1114 1135 1363 1246 tempore,
1398 1110 1611 1215 sublestae
1645 1111 1758 1210 fidei

486 1253 578 1374 ell3
610 1249 807 1353 allatam
835 1280 998 1352 tamen
1013 1259 1187 1390 primis
1222 1252 1322 1391 poll
1339 1253 1594 1359 Christum
1612 1249 1757 1352 saecu-

455 1522 458 1529 ι
483 1393 546 1495 lis
563 1401 617 1493 in
637 1391 868 1513 Urbem,
901 1431 1174 1534 magnaque
1199 1401 1253 1496 in
1278 1406 1591 1498 veneratione
1617 1392 1759 1496 habi-

484 1566 606 1657 tam,
622 1533 732 1636 satis
750 1538 959 1639 eonllat.
979 1537 1236 1672 ¹Johannes
1257 1538 1370 1638 Vll.
1386 1538 1565 1639 eletius
1584 1537 1755 1639 Ponti-

483 1676 571 1779 lex
588 1675 763 1784 saeculo
780 1679 989 1817 septimo
1004 1710 1241 1800 exeunte,
1276 1678 1755 1783 Oratoriumextru·

485 1827 565 1920 xit
596 1827 649 1920 in
665 1816 901 1922 honorem
920 1820 1078 1922 Beatae
1098 1821 1270 1923 Mariae
1288 1822 1544 1961 Virginis,
1578 1822 1754 1956 ibique

485 1961 673 2065 sacram
697 1962 910 2065 Domini
937 1964 1081 2064 nostri
1112 1972 1380 2105 imaginem
1409 1961 1662 2079 condidit,
1699 1989 1755 2059 ut

488 2103 688 2206 testatur
718 2104 888 2208 Petrus
904 2103 1124 2208 Manlius
1145 2108 1392 2208 Vaticanae
1410 2104 1622 2206 Bafilicoe
1658 2100 1757 2205 Ca·

484 2256 690 2347 nonicus
709 2319 727 2365 ,
745 2258 832 2387 qui
850 2246 1060 2375 ejusdem
1074 2247 1283 2348 Basilicae
1297 2246 1548 2349 historiam
1568 2240 1755 2382 scripsit

344 2430 355 2453 ⁸
488 2388 780 2489 Alexandro
810 2388 901 2491 Ill.
934 2391 1146 2491 dicatam
1180 2390 1365 2494 Saeculo
1394 2426 1529 2506 mn,
1566 2422 1758 2525 quam„

488 2527 605 2629 socii
649 2527 960 2631 Bollandiani
1007 2530 1299 2667 evulgarunt
1348 2530 1587 2634 Tomvn.
1618 2527 1756 2661 Junii

448 2687 450 2691 ’
485 2709 595 2811 pag.
610 2707 729 2799 45.,
763 2667 1188 2807 construdlumque
1221 2674 1293 2774 ibi
1322 2668 1470 2771 altare
1506 2669 1760 2772 abeodem

487 2813 756 2933 Pontifice,
784 2813 915 2953 quod
935 2812 1218 2914 Sandlillnni
1234 2814 1423 2915 Sudarii
1443 2813 1627 2913 ditium
1644 2807 1755 2930 luit3

488 2954 762 3060 Celellinus
779 2954 895 3063 inde
914 2954 1003 3057 ΠΙ.
1032 2954 1406 3057 tabernaculum
1437 2954 1757 3093 magnificen-

489 3104 595 3197 tius·
621 3107 878 3199 renovavit
910 3098 969 3197 ad
999 3097 1124 3197 illud
1142 3099 1488 3212 condendum,
1523 3130 1758 3233 promen·
1885 3208 1888 3212 ,

487 3238 706 3379 dumque
725 3277 851 3340 anno
868 3274 929 3339 aa
934 3274 1021 3360 97.
1040 3305 1058 3358 ,
1093 3269 1146 3339 ut
1160 3239 1368 3341 habetur
1401 3238 1535 3337 didio
1553 3239 1752 3341 Tomi.

486 3380 739 3483 Februarii
753 3382 812 3482 ad
828 3381 961 3483 diem
979 3409 1202 3522 quartam
1222 3419 1278 3520 pa
1317 3414 1484 3509 .455.,
1511 3384 1562 3484 δι
1579 3376 1761 3478 Orato-

488 3530 621 3624 rium
638 3523 768 3642 hoe,
795 3522 894 3626 five
911 3522 1155 3627 Sacellum
1176 3525 1221 3624 S.
1302 3531 1414 3626 ariae
1444 3530 1497 3624 in
1515 3522 1762 3625 Veronica

490 3665 678 3765 ditium
694 3664 828 3767 fuilie
839 3736 857 3786 ,
872 3665 1061 3769 alieruit
1078 3654 1364 3768 Grimaldus
1381 3704 1397 3787 3
1432 3663 1533 3805 ipsa
1550 3666 1672 3764 verb
1690 3656 1763 3758 la*

339 3830 348 3839 ’
490 3844 573 3909 tra
588 3814 754 3947 imago
772 3878 789 3929 ,
805 3808 991 3911 Vultus
1006 3807 1229 3931 sardina,
1258 3812 1600 3922 &Veronica,
1629 3797 1760 3938 quali

489 3939 736 4054 veralcon
749 3951 877 4054 ditia
894 3946 1021 4071 luit,
1051 3949 1216 4053 &hoc
1229 3959 1428 4067 nomine
1463 3943 1759 4087 appellatam
1825 3966 1827 3971 ’

491 4092 678 4196 Saeculo
694 4135 781 4196 mn.
813 4092 1000 4247 scripsrt
1019 4090 1266 4229 Johannes
1298 4082 1622 4219 Mabillonius
1642 4084 1764 4187 Mu·

488 4231 567 4336 saei
601 4236 763 4339 Italici
791 4237 937 4377 Tom.
962 4278 1004 4340 1.
1034 4273 1142 4373 pag.
1163 4242 1242 4333 88.
1258 4306 1276 4353 ,
1306 4270 1457 4372 eaque
1476 4229 1581 4377 duit
1610 4264 1765 4366 erga„

369 4413 376 4422 ·
489 4378 641 4517 ipsam
659 4388 1034 4526 peregrinorum
1048 4369 1766 4536 hominum,adlacrtlocain·

924 4544 934 4567 ·’
1675 4546 1760 4613 vr·
