4208 5536
1463 436 1563 507 221

425 587 499 655 sm
515 584 644 652 suun
661 576 916 651 unnsmruu.
933 540 1204 649 Beatiffima
1216 540 1377 685 Virgo
1396 541 1563 651 sedens

285 694 525 807 infantem
536 688 702 830 jesum
719 698 770 788 in
784 698 976 830 gremio
984 716 1128 930 Itenet
1144 761 1162 808 ,
1183 694 1233 795 δι
1250 688 1374 791 infra
1391 727 1532 793 namu
1550 714 1569 793 .‘

282 1058 286 1067 .
427 1015 748 1081 cinnamum.
768 1013 1002 1082 nemun.
1037 977 1272 1081 Clemens
1293 973 1411 1078 Vll.
1441 976 1570 1079 Pon-

286 1125 416 1228 tifex
432 1119 689 1223 Maximus
721 1120 982 1222 Placentiae
1004 1118 1289 1239 Dominus,
1326 1117 1570 1222 stemma..

288 1263 572 1369 Pontificis.

418 1440 965 1512 .s.Jusrmi12ao'riom1x.
996 1402 1185 1510 Mulier
1206 1406 1347 1524 stans,
1366 1404 1570 1507 dextera

288 1588 437 1654 manu
469 1549 528 1651 ad
548 1550 717 1685 pestus
746 1546 993 1684 apposita,
1026 1548 1203 1653 sinistra
1234 1544 1466 1689 pastorale
1484 1582 1572 1683 pe-

288 1695 411 1794 dum
428 1720 591 1794 tenet.

427 1836 636 1969 Joannes
653 1831 935 1937 Cardinalis
958 1835 1198 1939 Salviatus
1220 1908 1238 1955 ,
1264 1830 1571 1937 aelemente

290 1975 766 2093 PontificeParmae,
799 2013 854 2076 ac
871 1977 1132 2081 Placentiae
1149 1977 1359 2117 Legatus
1391 2006 1573 2075 renun-

289 2130 444 2224 ciatus
463 2118 562 2239 est,
597 2148 652 2218 ut
669 2120 851 2256 legitur
869 2124 997 2257 apud
1016 2122 1346 2223 Ciacconium
1359 2118 1504 2224 Tom.
1525 2151 1570 2239 3.

291 2263 509 2387 col.382.
527 2330 545 2378 ‚
562 2288 689 2361 anno
713 2275 859 2386 1526.
879 2299 936 2364 eo
954 2260 1063 2363 sane
1079 2292 1324 2403 tempore,
1343 2298 1443 2400 quo
1459 2261 1572 2366 Cae·

289 2406 413 2505 farei
431 2402 600 2504 Duces
619 2469 637 2519 ,
673 2403 739 2502 ob
757 2401 1019 2506 vistoriam
1038 2404 1096 2504 acl
1116 2407 1354 2511 Ticinum
1374 2405 1433 2503 de
1451 2397 1574 2504 Gal·

290 2546 354 2646 lis
376 2544 615 2666 relatam,
648 2545 708 2644 de
727 2581 821 2680 qua
836 2540 977 2685 supra
1004 2553 1306 2654 mentionem
1330 2544 1574 2662 fecimuS,

289 2687 444 2808 elati,
476 2684 787 2789 Francilcum
807 2687 1039 2793 Slortiam
1056 2687 1330 2793 Mediolani
1345 2688 1573 2807 Ducem,

289 2828 627 2933 infimulatum
655 2826 881 2933 aduersus
911 2834 1152 2939 Carolum
1178 2836 1577 2974 Imperatorem-s

292 2974 449 3072 multa
486 2973 734 3089 trastalle,
764 2983 981 3106 graviter
1008 3014 1069 3076 ex
1086 2976 1265 3078 morbo
1281 2972 1578 3073 decumben-

292 3142 396 3214 tem
425 3121 476 3212 in
504 3112 858 3214 Mediolanensi
887 3151 1030 3233 arce,
1057 3114 1382 3235 obsederunt,
1411 3152 1506 3253 qua
1523 3150 1575 3213 te

289 3284 568 3357 commotus
587 3255 822 3358 Clemens
840 3330 857 3379 ,
875 3257 936 3360 ad
953 3257 1107 3361 ltaliae
1126 3254 1437 3361 securitatem
1455 3329 1473 3377 ,
1508 3251 1577 3355 al-

291 3396 637 3535 iereodamque
670 3398 925 3502 Francisco
949 3437 1131 3541 opem,
1162 3441 1350 3506 novum
1376 3400 1574 3518 foedus,

288 3546 451 3640 accito
467 3576 665 3677 quoque
681 3540 879 3680 Angliae
895 3544 1035 3684 Rege
1052 3581 1196 3664 ,cum
1214 3548 1419 3648 Venetis
1437 3620 1453 3666 ,
1490 3578 1575 3684 pe-

292 3689 423 3819 pigit
442 3721 459 3803 3
490 3718 668 3783 verum
685 3686 981 3825 paulopost,
1000 3725 1115 3788 cum
1131 3701 1157 3791 ὲ
1172 3687 1438 3793 Germania
1453 3760 1470 3807 ,
1489 3724 1578 3788 no-

294 3833 371 3922 uis
391 3822 803 3948 commilitibus,
835 3829 1080 3965 Georgius
1109 3830 1457 3974 Fronspergius
1489 3832 1574 3933 ad·

292 3966 532 4085 venillet,
564 3971 862 4109 trepidatum
876 3974 1064 4078 Parmae
1083 3976 1147 4078 est
1164 4050 1183 4097 ,
1221 3975 1302 4080 sed
1333 3974 1575 4078 Francisci

291 4104 675 4228 Guicciardini,
712 4122 798 4250 qui
835 4148 1038 4255 praeerat
1073 4118 1345 4223 Pontificiis
1381 4126 1574 4259 copiis,

293 4246 697 4354 Commiffarium
715 4289 929 4378 vocant,
961 4267 1015 4360 in
1041 4259 1239 4366 Urbem
1265 4266 1572 4365 advenientis

295 4387 557 4531 diligentia
573 4393 787 4518 ,facturn
804 4401 904 4531 est,
940 4434 995 4508 ut
1015 4402 1238 4551 dispofisa
1268 4443 1357 4548 per
1373 4440 1540 4509 muros
1542 4478 1576 4648 ἆ

1513 4588 1537 4650 a
