4208 5536
474 453 702 670 'lislam
718 553 846 694 ¹apud
860 550 1121 657 Beluaium
1150 552 1244 659 col.
1264 558 1400 679 378,
1427 555 1603 658 deinde
1626 557 1783 659 Vites}

500 704 571 806 bio
587 699 791 805 recedens
809 697 884 797 die
900 736 1003 797 xvi.
1035 699 1191 838 nnentsts
1205 698 1413 803 Oiiobris
1431 701 1616 803 Romam
1634 709 1782 802 intnn.

500 854 617 965 vit,
649 840 977 943 occurrentibus
997 843 1095 981 fibi
1126 842 1286 960 Clero,
1314 843 1555 981 &Populo
1584 841 1779 947 Romano
1934 924 1938 929 .

496 989 639 1127 ipsum
646 988 909 1124 solemniter
941 986 1260 1122 recipientibus
1295 1025 1388 1085 cnm
1416 1024 1568 1126 magno
1581 988 1782 1126 gandia,

499 1136 556 1233 &³
573 1118 718 1234 Dennr
734 1125 1019 1229 laudantibus
1039 1129 1092 1226 de
1092 1126 1290 1261 jucundo
1310 1130 1516 1230 adventu
1524 1130 1633 1264 fiio.
1673 1127 1781 1230 Post

503 1310 689 1376 annum
702 1306 819 1410 ergo
839 1286 970 1394 1367
986 1344 1003 1389 ,
1017 1279 1118 1407 qub
1135 1269 1370 1376 Urbanus
1387 1270 1604 1373 Romam
1621 1280 1779 1388 venit,

503 1413 727 1551 cususest
756 1419 944 1550 primus
963 1413 1048 1513 hic
1064 1448 1331 1531 nummus,
1366 1417 1439 1511 uti
1467 1421 1617 1516 etiarn
1635 1421 1778 1551 quin-

505 1590 615 1678 tus,
641 1561 693 1662 ἂ
724 1554 921 1657 sextus.
961 1555 1164 1656 Lemma
1193 1584 1357 1656 autem
1374 1552 1536 1673 illud,
1571 1555 1705 1694 quod
1724 1563 1777 1655 in

502 1711 668 1844 primo
686 1699 886 1801 denario
916 1697 1097 1838 legitur
1112 1699 1245 1836 steila
1261 1709 1311 1800 in
1328 1700 1503 1818 Roma,
1533 1698 1650 1800 idest
1672 1694 1780 1797 Mo«
1854 1820 1858 1825 .

503 1845 765 1948 netnRotnae
793 1842 983 1980 percnffir
1013 1840 1238 1940 italicum
1271 1842 1463 1979 prorsus
1484 1842 1584 1961 est,
1612 1880 1665 1942 ac
1685 1875 1780 1939 ea„

503 1988 672 2121 lingua
693 2016 979 2104 exaratum,
1013 2021 1120 2121 quae
1151 1985 1304 2117 vulgis
1323 1984 1500 2087 Romae
1519 2014 1636 2084 tunc
1653 2015 1777 2084 tem·

504 2141 642 2270 poris
662 2125 977 2267 usurpabatur
994 2130 1140 2247 ,licet
1159 2135 1319 2264 prima
1336 2164 1432 2227 vox
1454 2125 1777 2226 latinavidea·

505 2300 615 2392 tur3
634 2271 734 2371 nun
753 2279 886 2373 enim
902 2271 1061 2372 adhuc
1081 2265 1304 2370 universa
1321 2268 1559 2371 Italorum
1577 2264 1777 2368 cousen-¹

503 2412 631 2514 sione
649 2451 734 2532 ,ea
753 2485 771 2532 ,
797 2450 893 2550 qua
912 2451 1042 2514 nunc
1058 2410 1337 2531 scribimus,
1355 2413 1553 2552 lingua,
1571 2445 1780 2549 quaeque

506 2555 681 2661 Italica
696 2554 880 2655 dicitur
897 2626 915 2673 ,
948 2586 1141 2692 recepta
1160 2586 1263 2657 erat
1275 2593 1292 2676 3
1327 2565 1448 2692 quin
1465 2565 1568 2655 imo
1586 2552 1778 2692 elegan-

508 2708 606 2800 tior
623 2694 918 2837 putabatur,
950 2704 1037 2835 qui
1052 2702 1210 2836 magis
1228 2695 1430 2798 latinam
1448 2769 1466 2816 ,
1483 2732 1630 2835 quam
1643 2696 1779 2796 ltali-

510 2876 619 2940 cam
636 2839 858 2975 linguam
873 2835 1103 2959 calleret,
1119 2869 1174 2939 ut
1193 2875 1257 2937 ex
1275 2839 1502 2976 pluribus
1520 2839 1778 2941 duilorum

503 2990 730 3084 virorum
765 2979 958 3121 scriptis
976 2979 1262 3121 Operibus,
1294 2991 1397 3081 tam
1415 2979 1597 3097 soluta,
1628 2991 1778 3118 quam

503 3125 670 3228 vine‘la
687 3131 907 3226 oratione
919 3197 938 3245 ,
957 3134 1043 3265 qui
1063 3123 1260 3226 Saeculis
1276 3158 1377 3246 xrv,
1396 3130 1446 3230 ἃ
1463 3164 1530 3240 nu.
1546 3122 1777 3241 floruere,

506 3267 1039 3405 apparet3donecxv1.
1079 3266 1266 3368 Saeculo
1299 3266 1360 3367 de
1394 3264 1526 3368 teilo
1560 3265 1742 3367 Italicae
1759 3334 1794 3387 ,„

509 3407 879 3545 communisque
895 3409 1077 3546 linguae
1109 3405 1195 3507 ulu
1211 3439 1455 3549 praecepta
1472 3410 1649 3511 tradita
1669 3407 1781 3507 sunt

509 3559 741 3653 omnium
775 3547 1003 3654 consensu
1021 3549 1258 3691 probata.
1297 3549 1427 3671 Sed,
1460 3583 1516 3653 ut
1534 3553 1592 3651 ad
1615 3549 1781 3658 Urba·

504 3728 629 3793 uum
663 3691 947 3813 redeamus,
973 3691 1059 3795 hic
1077 3731 1202 3795 anno
1224 3728 1353 3820 1370
1371 3693 1684 3795 Avenionem
1704 3729 1781 3792 re·
1854 3714 1857 3719 '

507 3864 674 3972 petere
688 3834 884 3956 voluit,
912 3828 1100 3937 causam
1119 3863 1380 3975 pretexens
1396 3836 1779 3977 redintegrandae

507 3984 638 4076 inter
655 3974 865 4097 Galliae,
900 3979 1200 4118 Angliaeque
1219 3978 1382 4117 Reges
1403 3987 1572 4118 pacis,
1606 3976 1685 4078 seu
1706 3985 1781 4079 uti

505 4113 679 4256 scribit
693 4120 959 4221 Petrarcha
977 4158 1141 4222 rerum
1158 4117 1387 4223 senilium
1407 4121 1547 4248 lib.3.
1563 4119 1706 4261 Epist.
1719 4157 1776 4247 13

510 4259 865 4364 nonnullorum
885 4261 1228 4367 Cardinalium
1247 4334 1264 4381 ,
1296 4268 1346 4367 δι
1366 4264 1664 4369 Aulicorum
1682 4264 1783 4366 sua·

506 4399 717 4507 sionibus
736 4434 1023 4545 permotus,
1047 4413 1135 4546 qui
1153 4404 1361 4511 Gallicis
1377 4406 1568 4547 deliciis
1583 4406 1745 4510 allueti
1764 4476 1781 4523 ,

1699 4548 1789 4650 Ec-
