4140 5536
539 453 992 674 mmmmm
1023 565 1128 684 toti.
1168 556 1460 699 Dileilofilt‘o
1476 563 1626 695 nobili,
1640 565 1755 673 Viro

755 709 964 849 Philippo
994 705 1049 807 de
1069 705 1243 810 Caveri.
1255 707 1398 846 Regio
1416 717 1465 809 iu
1483 705 1614 815 Urbe

931 848 1115 953 Vicerio
1131 850 1327 987 firlutem
1343 852 1438 952 &m

721 1136 971 1243 Reverso.
1007 1133 1071 1237 ad
1091 1134 1368 1239 audientiam
1403 1137 1605 1240 nol'irum
1630 1174 1715 1241 ron
1724 1139 1828 1281 fine

733 1281 898 1421 grandi
914 1277 1210 1383 admiratione
1222 1289 1444 1421 pervenit
1463 1352 1481 1400 ,
1497 1282 1615 1424 quod
1623 1291 1673 1384 iu
1689 1283 1829 1385 Civi-

419 1484 423 1491 κ
544 1460 639 1529 tore
653 1430 854 1531 Romanu
885 1424 1079 1557 diverse
1113 1424 1366 1544 cuduntur,
1390 1423 1475 1560 stu
1514 1425 1617 1528 cudi
1631 1425 1828 1546 delent,

527 1569 880 1712 siveſstbricori
896 1597 1072 1668 monete
1089 1635 1107 1684 ,
1143 1607 1233 1707 que
1251 1575 1302 1669 in
1320 1567 1534 1670 Civitote
1544 1569 1737 1707 prestita
1753 1606 1826 1668 cu·

543 1714 626 1830 di,
653 1730 736 1850 jeu
749 1708 1076 1849 fibriearinon
1088 1711 1283 1848 poffitnt,
1320 1749 1398 1810 uec
1412 1713 1573 1812 delent
1588 1712 1744 1851 ubsque
1763 1715 1826 1809 lt‘·

545 1866 693 1960 contio
710 1855 844 1956 Sedis
864 1850 1130 1989 Apoliolt‘ce
1155 1856 1345 1993 speciali
1369 1928 1382 1954 .
1414 1852 1549 1997 ,Quia
1571 1864 1717 1995 igitur
1742 1891 1827 1957 nou

540 1996 782 2138 poffitmus,
816 2036 892 2096 nec
905 1994 1112 2095 debemus
1141 2001 1258 2101 tolio
1274 2006 1579 2136 equanimiter
1595 2001 1829 2117 tolerare,

545 2140 852 2278 discretionem
870 2173 989 2241 tuom
1018 2175 1270 2261 monemus,
1307 2176 1544 2279 rogamus,
1578 2139 1637 2237 (Τ
1669 2139 1828 2239 hortu·

546 2316 648 2384 mur
660 2290 838 2383 attenti
865 2314 948 2418 ptr
965 2280 1229 2415 Apollolica
1245 2280 1514 2419 tibiscriptu
1538 2285 1829 2402 mundantes,

547 2459 757 2568 quatenus
777 2422 1023 2562 diligenter
1040 2427 1295 2541 attendens,
1312 2429 1432 2564 quod
1443 2437 1667 2562 te,utpote
1683 2425 1831 2525 devo-

548 2578 715 2687 tionis,
751 2570 807 2667 (Y
823 2565 1076 2664 obedientie
1077 2569 1237 2696 filium
1253 2569 1455 2669 coudecet
1471 2636 1490 2687 ,
1518 2602 1569 2668 ut
1583 2568 1831 2705 beneplaci-

546 2709 813 2846 tisejustlem
829 2706 1021 2843 Ecclefie
1037 2776 1055 2824 ,
1073 2745 1164 2846 que
1176 2719 1403 2847 personam
1424 2747 1546 2813 tuum
1555 2713 1741 2847 speciali
1757 2705 1830 2848 as-

532 2852 738 2992 stlliorte
751 2852 1064 2989 prosequitur,
1100 2880 1146 2947 te
1165 2885 1385 2991 compotes
1396 2924 1416 2975 ,
1450 2856 1508 2952 (t
1526 2856 1677 2955 lindio
1696 2860 1830 2991 ‘oo'th¹

549 2999 667 3097 lenti
678 3006 920 3134 procures,
954 3026 1007 3093 ut
1022 2993 1247 3129 trifime,
1273 2994 1664 3135 seusilrieett'one
1680 2995 1833 3131 hujus·

549 3140 668 3242 modi
704 3170 975 3259 monetarum
1008 3134 1252 3268 defillatur
1285 3150 1502 3260 omuino,
1537 3141 1632 3239 vel
1658 3140 1722 3240 od
1756 3174 1831 3240 eos

550 3280 804 3395 cudendus,
832 3278 911 3414 feu
921 3273 1221 3413 fitlrieurtdus
1251 3285 1464 3422 proceffies
1498 3286 1664 3422 aliquis
1682 3281 1834 3381 nulle-

551 3456 679 3525 ttnus
696 3424 913 3523 habeatur
931 3457 947 3540 3
960 3418 1229 3557 presertim,
1250 3463 1342 3526 eum
1361 3423 1725 3562 tolisfitbriemio
1744 3463 1835 3523 mo·

551 3598 755 3668 netarum
768 3570 865 3698 fiat
897 3570 1099 3700 poenitus
1128 3576 1433 3699 eontrujura,
1468 3577 1538 3670 itu
1554 3566 1671 3707 quod
1682 3565 1835 3702 hujus-

555 3708 675 3809 modi
700 3741 877 3806 mooetn
892 3776 910 3825 ,
946 3745 1035 3846 que
1050 3711 1105 3808 de
1115 3711 1314 3849 prestet
1331 3710 1369 3809 S
1371 3713 1466 3813 edis
1485 3715 1671 3811 licentia
1707 3747 1834 3833 non,

555 3854 802 3969 cuduntur,
833 3890 914 3949 mon
932 3854 1176 3988 legitime,
1201 3855 1292 3988 [td
1302 3860 1461 3992 potius
1486 3856 1743 3953 adulterine
1760 3852 1838 3949 de·

551 3997 660 4096 bertr
678 4035 759 4093 non
776 4002 1000 4093 immerito
1017 4005 1221 4130 reputari
1234 4067 1254 4123 ‚
1272 3997 1331 4134 st
1340 4005 1457 4095 vero
1466 3997 1748 4131 firdricotum
1767 3989 1839 4090 el?

552 4139 608 4237 de
623 4137 781 4274 tifilem
798 4206 814 4254 ,
849 4135 972 4237 illud
980 4173 1245 4282 nequaquem
1262 4137 1504 4239 deducetur
1518 4146 1567 4237 itt
1580 4139 1834 4273 publicum,

552 4316 690 4421 neque
726 4283 823 4414 usui
857 4282 1177 4419 quomodolibet
1195 4312 1472 4417 exponetur3
1510 4289 1716 4418 quinimo
1733 4315 1837 4378 cuu-

551 4431 644 4525 tius
672 4456 877 4567 tentetur
898 4426 1147 4546 occultum,
1183 4423 1316 4526 donee
1338 4425 1566 4565 strperhoc
1588 4419 1833 4565 persedem

1717 4596 1837 4666 edm·
