1033 1383
269 111 283 132 1

268 141 323 176 q'uae
332 140 427 174 fuerant
436 159 444 171 ,
452 140 598 175 Diplomata
606 158 615 170 ,
624 139 718 166 chartas
727 158 736 170 ,
753 140 849 176 aliaque
857 160 865 172 ,
875 143 904 168 ad

267 186 321 202 eam
330 177 463 211 caliginem
481 175 659 210 dispellendam
665 193 673 205 ,
691 175 905 212 afferendumqum

267 212 361 247 aliquid
371 212 507 247 splendoris
517 229 526 241 ,
537 212 562 237 &
571 210 689 236 claritatis
698 229 707 241 ,
717 212 783 246 quod
790 230 799 242 ,
809 214 834 239 &
843 222 905 248 prae.

266 248 361 277 stitere,
379 256 514 281 eorumque
530 254 630 272 conatus
646 249 751 272 maximi
766 247 841 274 fastus
853 267 862 278 ,
880 251 904 275 δε

267 292 325 309 cum
342 285 455 308 omniurn
471 283 585 308 laudibus
600 290 719 317 exceptus
728 283 759 308 est
769 301 775 308 .
795 284 905 318 Qamo-
938 296 940 299 ⁴

266 319 337 345 brem
346 337 354 349 ‚
372 320 397 345 &
415 327 473 353 ego,
483 318 690 353 qu‘alemcumque
703 327 782 344 meam
792 328 917 354 operam„

266 356 296 380 ad
310 354 445 380 hae'cstudia
455 354 622 388 promovenda
637 363 682 388 pro
695 356 789 390 ingenii
798 358 847 382 mei
863 359 903 381 vi-·

266 390 335 416 ribus
342 408 351 420 ,
364 399 423 424 quas
434 397 515 414 tamen
528 391 643 414 minimas
653 389 697 414 effe
707 390 798 420 sentio,
808 392 903 417 conser-

266 435 294 451 re
302 425 450 451 deliberavi:
462 434 519 450 cum
528 424 692 459 superioribus
702 428 770 451 annis
779 426 902 452 clariffimi

265 460 341 491 Viri,
351 471 377 486 ac
391 460 534 495 ampliffimi
543 459 700 493 Praesulisjo:
711 461 822 496 Vignolii
830 472 903 497 opus,

266 497 297 522 de
306 496 500 531 Antiquioribus
515 497 685 521 Romanorum
695 496 843 522 Pontificum
860 499 902 523 de-

265 534 340 558 nariis
347 533 429 557 denub
438 534 508 566 typis
518 531 666 556 tradidissem
676 549 684 560 ,
700 534 771 557 tertia
781 532 816 557 sui
832 541 901 567 parte

266 568 364 593 austum
374 586 382 597 ,
400 567 527 602 pollicitus
546 575 605 592 tuno
625 566 732 597 fueram,
746 577 788 593 me
800 586 809 598 ‚
830 571 901 600 juxta

265 603 394 629 doffiffimi
408 603 475 628 illius
492 605 543 628 viri
559 610 668 628 mentem
678 621 686 632 ,
709 612 901 638 argumentum..

264 640 471 674 proseq‘uuturum
485 657 493 668 ‚
507 638 644 672 evulgando
660 638 821 672 posteriorum
834 640 899 665 Pon—

265 675 362 700 tificum
381 674 491 699 denarios
504 673 533 699 ad
542 673 645 699 Paulum
663 673 736 709 usque
749 674 794 700 ΠΙ,
804 693 813 705 ,
834 676 900 710 quod

265 711 339 736 mod&
349 709 445 735 efficere
456 709 536 735 visum
544 709 576 734 est
586 727 594 739 ,
614 710 738 744 fidemque
745 720 824 735 meam
834 712 901 736 exol-

265 755 339 771 vere.
357 745 483 771 Exordiarv
497 752 579 770 autern
595 747 609 770 ὲ
625 745 704 779 Sergii
720 746 764 771 IV.
784 746 900 777 denario,

265 783 326 816 qui,
340 781 400 806 licet
417 782 447 806 ad
466 780 661 815 praecedentem,
679 781 708 806 de
722 791 772 816 quo
780 782 834 806 dixi
845 800 853 811 ‚
869 782 901 807 li-

262 817 336 843 brum
347 835 355 846 ‚
365 818 484 851 pertineat
494 834 502 846 ‚
521 823 603 841 tamen
612 834 620 846 ‚
627 826 684 841 cum
693 816 767 842 serias
776 818 803 841 in
811 826 898 843 manus

262 852 353 877 nostras
367 854 524 887 pervenerit,
542 851 575 877 ob
585 851 706 877 summam
714 854 856 882 raritatem,
872 863 898 878 ac

262 888 434 922 praestamiam,
443 895 561 917 meretur,
572 895 599 912 ut
608 887 646 912 illi
654 887 774 914 Mantiffae
784 887 847 918 loco,
857 889 899 914 ad-

264 923 357 949 dendus
367 926 477 958 pag-90„
486 923 528 948 hic
537 930 672 958 apponatur
682 940 688 947 .

826 1123 830 1129 -
842 1139 897 1164 Ser-
