<?xml version="1.0" encoding="UTF-8"?>
<!DOCTYPE html PUBLIC "-//W3C//DTD XHTML 1.0 Transitional//EN"
    "http://www.w3.org/TR/xhtml1/DTD/xhtml1-transitional.dtd">
<html xmlns="http://www.w3.org/1999/xhtml" xml:lang="en" lang="en">
 <head>
  <title>
</title>
<meta http-equiv="Content-Type" content="text/html;charset=utf-8" />
  <meta name='ocr-system' content='tesseract 3.04.00' />
  <meta name='ocr-capabilities' content='ocr_page ocr_carea ocr_par ocr_line ocrx_word'/>
</head>
<body>
  <div class='ocr_page' id='page_1' title='image "./antiquiromanoru00fiorgoog_0303.png"; bbox 0 0 4208 5536; ppageno 0'>
   <div class='ocr_carea' id='block_1_1' title="bbox 409 458 1914 4410">
    <p class='ocr_par' dir='ltr' id='par_1_1' title="bbox 547 458 655 555">
     <span class='ocr_line' id='line_1_1' title="bbox 547 458 655 555; baseline 0.046 -32"><span class='ocrx_word' id='word_1_1' title='bbox 547 458 655 555; x_wconf 69' lang='lat'><strong>=224</strong></span> 
     </span>
    </p>

    <p class='ocr_par' dir='ltr' id='par_1_2' title="bbox 409 564 1914 4410">
     <span class='ocr_line' id='line_1_2' title="bbox 545 564 1828 703; baseline 0.002 -27"><span class='ocrx_word' id='word_1_2' title='bbox 545 575 788 681; x_wconf 85' lang='lat' dir='ltr'><strong>stitatem,</strong></span> <span class='ocrx_word' id='word_1_3' title='bbox 824 566 972 703; x_wconf 84' lang='lat' dir='ltr'><strong>quam</strong></span> <span class='ocrx_word' id='word_1_4' title='bbox 1004 564 1239 670; x_wconf 77' lang='lat' dir='ltr'>Romanae</span> <span class='ocrx_word' id='word_1_5' title='bbox 1269 564 1405 675; x_wconf 90' lang='lat' dir='ltr'><strong>Urbi</strong></span> <span class='ocrx_word' id='word_1_6' title='bbox 1441 572 1653 679; x_wconf 86' lang='lat' dir='ltr'><strong>intulere</strong></span> <span class='ocrx_word' id='word_1_7' title='bbox 1692 617 1828 685; x_wconf 88' lang='lat' dir='ltr'><strong>anno</strong></span> 
     </span>
     <span class='ocr_line' id='line_1_3' title="bbox 552 706 1828 856; baseline 0.01 -44"><span class='ocrx_word' id='word_1_8' title='bbox 552 748 701 842; x_wconf 82' lang='lat'>1527.</span> <span class='ocrx_word' id='word_1_9' title='bbox 721 706 913 847; x_wconf 85' lang='lat' dir='ltr'><strong>perfidi</strong></span> <span class='ocrx_word' id='word_1_10' title='bbox 930 708 1121 826; x_wconf 90' lang='lat' dir='ltr'><strong>hostes,</strong></span> <span class='ocrx_word' id='word_1_11' title='bbox 1158 746 1372 849; x_wconf 90' lang='lat' dir='ltr'><strong>quorum</strong></span> <span class='ocrx_word' id='word_1_12' title='bbox 1395 725 1546 848; x_wconf 88' lang='lat' dir='ltr'><strong>major</strong></span> <span class='ocrx_word' id='word_1_13' title='bbox 1561 754 1671 856; x_wconf 91' lang='lat' dir='ltr'><strong>pars</strong></span> <span class='ocrx_word' id='word_1_14' title='bbox 1699 720 1828 825; x_wconf 83' lang='lat' dir='ltr'><strong>falsas</strong></span> 
     </span>
     <span class='ocr_line' id='line_1_4' title="bbox 546 850 1827 1000; baseline 0.008 -44"><span class='ocrx_word' id='word_1_15' title='bbox 546 852 756 967; x_wconf 88' lang='lat' dir='ltr'><strong>Lutheri</strong></span> <span class='ocrx_word' id='word_1_16' title='bbox 786 850 1132 990; x_wconf 84' lang='lat' dir='ltr'>dogmatibus,</span> <span class='ocrx_word' id='word_1_17' title='bbox 1163 892 1215 953; x_wconf 90' lang='lat' dir='ltr'><strong>ac</strong></span> <span class='ocrx_word' id='word_1_18' title='bbox 1236 855 1513 958; x_wconf 88' lang='lat' dir='ltr'><strong>Saraceoica</strong></span> <span class='ocrx_word' id='word_1_19' title='bbox 1530 868 1827 1000; x_wconf 86' lang='lat' dir='ltr'><strong>impietate,</strong></span> 
     </span>
     <span class='ocr_line' id='line_1_5' title="bbox 545 995 1833 1133; baseline 0.002 -28"><span class='ocrx_word' id='word_1_20' title='bbox 545 995 840 1131; x_wconf 88' lang='lat' dir='ltr'><strong>autJudaica</strong></span> <span class='ocrx_word' id='word_1_21' title='bbox 858 995 1190 1133; x_wconf 86' lang='lat' dir='ltr'><strong>superstitione</strong></span> <span class='ocrx_word' id='word_1_22' title='bbox 1204 997 1401 1099; x_wconf 84' lang='lat' dir='ltr'><strong>imbuta</strong></span> <span class='ocrx_word' id='word_1_23' title='bbox 1417 998 1573 1102; x_wconf 89' lang='lat' dir='ltr'><strong>fuerat</strong></span> <span class='ocrx_word' id='word_1_24' title='bbox 1592 1077 1610 1122; x_wconf 91' lang='lat'><strong>,</strong></span> <span class='ocrx_word' id='word_1_25' title='bbox 1639 1034 1693 1105; x_wconf 90' lang='lat' dir='ltr'><strong>ut</strong></span> <span class='ocrx_word' id='word_1_26' title='bbox 1710 1005 1833 1107; x_wconf 88' lang='lat' dir='ltr'><strong>scri·</strong></span> 
     </span>
     <span class='ocr_line' id='line_1_6' title="bbox 546 1134 1833 1286; baseline 0.009 -43"><span class='ocrx_word' id='word_1_27' title='bbox 546 1143 638 1286; x_wconf 88' lang='lat' dir='ltr'><strong>pfrt</strong></span> <span class='ocrx_word' id='word_1_28' title='bbox 666 1134 826 1242; x_wconf 84' lang='lat' dir='ltr'><strong>Caesar</strong></span> <span class='ocrx_word' id='word_1_29' title='bbox 859 1139 1136 1240; x_wconf 87' lang='lat' dir='ltr'><strong>Glorierius</strong></span> <span class='ocrx_word' id='word_1_30' title='bbox 1170 1150 1224 1240; x_wconf 88' lang='lat' dir='ltr'><strong>in</strong></span> <span class='ocrx_word' id='word_1_31' title='bbox 1259 1141 1382 1243; x_wconf 84' lang='lat' dir='ltr'><strong>Hist.</strong></span> <span class='ocrx_word' id='word_1_32' title='bbox 1413 1179 1739 1283; x_wconf 73' lang='lat' dir='ltr'>expugnatae,</span> <span class='ocrx_word' id='word_1_33' title='bbox 1777 1155 1833 1254; x_wconf 86' lang='lat'>&amp;</span> 
     </span>
     <span class='ocr_line' id='line_1_7' title="bbox 546 1280 1833 1426; baseline -0.009 -40"><span class='ocrx_word' id='word_1_34' title='bbox 546 1287 751 1422; x_wconf 89' lang='lat' dir='ltr'><strong>direptae</strong></span> <span class='ocrx_word' id='word_1_35' title='bbox 768 1280 924 1390; x_wconf 88' lang='lat' dir='ltr'><strong>Urbis</strong></span> <span class='ocrx_word' id='word_1_36' title='bbox 942 1317 1139 1420; x_wconf 85' lang='lat' dir='ltr'><strong>pag.24.</strong></span> <span class='ocrx_word' id='word_1_37' title='bbox 1160 1323 1175 1405; x_wconf 86' lang='lat'>3</span> <span class='ocrx_word' id='word_1_38' title='bbox 1193 1282 1310 1384; x_wconf 89' lang='lat' dir='ltr'><strong>hinc</strong></span> <span class='ocrx_word' id='word_1_39' title='bbox 1329 1285 1526 1384; x_wconf 90' lang='lat' dir='ltr'><strong>istorum</strong></span> <span class='ocrx_word' id='word_1_40' title='bbox 1545 1298 1596 1385; x_wconf 92' lang='lat' dir='ltr'><strong>in</strong></span> <span class='ocrx_word' id='word_1_41' title='bbox 1616 1292 1833 1426; x_wconf 82' lang='lat' dir='ltr'><strong>Aposto.</strong></span> 
     </span>
     <span class='ocr_line' id='line_1_8' title="bbox 547 1423 1914 1542; baseline 0.004 -14"><span class='ocrx_word' id='word_1_42' title='bbox 547 1430 698 1528; x_wconf 88' lang='lat' dir='ltr'><strong>licam</strong></span> <span class='ocrx_word' id='word_1_43' title='bbox 726 1423 900 1526; x_wconf 89' lang='lat' dir='ltr'><strong>Sedem</strong></span> <span class='ocrx_word' id='word_1_44' title='bbox 922 1424 1137 1542; x_wconf 89' lang='lat' dir='ltr'><strong>odium,</strong></span> <span class='ocrx_word' id='word_1_45' title='bbox 1172 1429 1224 1528; x_wconf 84' lang='lat'>&amp;</span> <span class='ocrx_word' id='word_1_46' title='bbox 1257 1424 1492 1530; x_wconf 84' lang='lat' dir='ltr'><strong>Clemens</strong></span> <span class='ocrx_word' id='word_1_47' title='bbox 1512 1430 1741 1532; x_wconf 85' lang='lat' dir='ltr'><strong>Pontifex</strong></span> <span class='ocrx_word' id='word_1_48' title='bbox 1775 1443 1832 1534; x_wconf 87' lang='lat' dir='ltr'><strong>in</strong></span> <span class='ocrx_word' id='word_1_49' title='bbox 1907 1435 1914 1442; x_wconf 73' lang='grc'><strong><em>’</em></strong></span> 
     </span>
     <span class='ocr_line' id='line_1_9' title="bbox 436 1561 1835 1705; baseline 0.004 -35"><span class='ocrx_word' id='word_1_50' title='bbox 436 1602 440 1609; x_wconf 66' lang='grc'><em>“</em></span> <span class='ocrx_word' id='word_1_51' title='bbox 505 1640 510 1649; x_wconf 91' lang='grc'>-</span> <span class='ocrx_word' id='word_1_52' title='bbox 549 1608 657 1672; x_wconf 88' lang='lat' dir='ltr'><strong>arce</strong></span> <span class='ocrx_word' id='word_1_53' title='bbox 697 1569 743 1670; x_wconf 84' lang='lat' dir='ltr'><strong>S·</strong></span> <span class='ocrx_word' id='word_1_54' title='bbox 773 1561 964 1701; x_wconf 87' lang='lat' dir='ltr'><strong>Angeli</strong></span> <span class='ocrx_word' id='word_1_55' title='bbox 986 1565 1122 1705; x_wconf 71' lang='lat' dir='ltr'><strong>arfla</strong></span> <span class='ocrx_word' id='word_1_56' title='bbox 1156 1568 1401 1671; x_wconf 79' lang='lat' dir='ltr'><strong>obsidione</strong></span> <span class='ocrx_word' id='word_1_57' title='bbox 1437 1572 1835 1694; x_wconf 87' lang='lat' dir='ltr'><strong>circumclusus,</strong></span> 
     </span>
     <span class='ocr_line' id='line_1_10' title="bbox 548 1708 1832 1848; baseline 0.001 -34"><span class='ocrx_word' id='word_1_58' title='bbox 548 1714 673 1814; x_wconf 88' lang='lat' dir='ltr'><strong>hanc</strong></span> <span class='ocrx_word' id='word_1_59' title='bbox 690 1709 870 1848; x_wconf 90' lang='lat' dir='ltr'><strong>Populi</strong></span> <span class='ocrx_word' id='word_1_60' title='bbox 888 1708 1135 1827; x_wconf 86' lang='lat' dir='ltr'><strong>Romani,</strong></span> <span class='ocrx_word' id='word_1_61' title='bbox 1168 1712 1297 1811; x_wconf 90' lang='lat' dir='ltr'><strong>nihil</strong></span> <span class='ocrx_word' id='word_1_62' title='bbox 1329 1712 1425 1810; x_wconf 90' lang='lat' dir='ltr'><strong>tale</strong></span> <span class='ocrx_word' id='word_1_63' title='bbox 1440 1722 1647 1831; x_wconf 89' lang='lat' dir='ltr'><strong>meriti,</strong></span> <span class='ocrx_word' id='word_1_64' title='bbox 1677 1714 1832 1815; x_wconf 89' lang='lat' dir='ltr'><strong>lanie-</strong></span> 
     </span>
     <span class='ocr_line' id='line_1_11' title="bbox 539 1848 1829 1987; baseline -0.002 -29"><span class='ocrx_word' id='word_1_65' title='bbox 539 1864 697 1972; x_wconf 81' lang='lat' dir='ltr'><strong>nam,</strong></span> <span class='ocrx_word' id='word_1_66' title='bbox 730 1860 888 1952; x_wconf 76' lang='lat' dir='ltr'><strong>ociose</strong></span> <span class='ocrx_word' id='word_1_67' title='bbox 905 1848 1146 1987; x_wconf 72' lang='lat' dir='ltr'><strong>fpestante</strong></span> <span class='ocrx_word' id='word_1_68' title='bbox 1166 1923 1184 1972; x_wconf 92' lang='lat'><strong>,</strong></span> <span class='ocrx_word' id='word_1_69' title='bbox 1210 1853 1465 1953; x_wconf 82' lang='lat' dir='ltr'><strong>Francilco</strong></span> <span class='ocrx_word' id='word_1_70' title='bbox 1484 1855 1645 1955; x_wconf 88' lang='lat' dir='ltr'><strong>Maria</strong></span> <span class='ocrx_word' id='word_1_71' title='bbox 1666 1856 1829 1964; x_wconf 89' lang='lat' dir='ltr'><strong>Urbi·</strong></span> 
     </span>
     <span class='ocr_line' id='line_1_12' title="bbox 546 1990 1830 2136; baseline -0.002 -34"><span class='ocrx_word' id='word_1_72' title='bbox 546 2007 737 2102; x_wconf 89' lang='lat' dir='ltr'><strong>natium</strong></span> <span class='ocrx_word' id='word_1_73' title='bbox 752 1992 897 2096; x_wconf 86' lang='lat' dir='ltr'><strong>Duce</strong></span> <span class='ocrx_word' id='word_1_74' title='bbox 914 2064 931 2110; x_wconf 98' lang='lat'><strong>,</strong></span> <span class='ocrx_word' id='word_1_75' title='bbox 962 1990 1117 2092; x_wconf 85' lang='lat' dir='ltr'><strong>infido</strong></span> <span class='ocrx_word' id='word_1_76' title='bbox 1149 1995 1375 2095; x_wconf 89' lang='lat' dir='ltr'><strong>foederati</strong></span> <span class='ocrx_word' id='word_1_77' title='bbox 1402 2000 1830 2136; x_wconf 86' lang='lat' dir='ltr'><strong>exercituslmpe-</strong></span> 
     </span>
     <span class='ocr_line' id='line_1_13' title="bbox 546 2134 1824 2257; baseline -0.001 -15"><span class='ocrx_word' id='word_1_78' title='bbox 546 2148 709 2249; x_wconf 79' lang='lat' dir='ltr'><strong>ratore</strong></span> <span class='ocrx_word' id='word_1_79' title='bbox 724 2209 741 2256; x_wconf 99' lang='lat'><strong>,</strong></span> <span class='ocrx_word' id='word_1_80' title='bbox 775 2141 824 2240; x_wconf 68' lang='grc' dir='ltr'><strong>ὃ(</strong></span> <span class='ocrx_word' id='word_1_81' title='bbox 841 2138 957 2234; x_wconf 89' lang='lat' dir='ltr'><strong>licet</strong></span> <span class='ocrx_word' id='word_1_82' title='bbox 973 2134 1257 2239; x_wconf 87' lang='lat' dir='ltr'><strong>Francifcus</strong></span> <span class='ocrx_word' id='word_1_83' title='bbox 1283 2134 1458 2237; x_wconf 88' lang='lat' dir='ltr'><strong>Galliae</strong></span> <span class='ocrx_word' id='word_1_84' title='bbox 1478 2141 1629 2257; x_wconf 85' lang='lat' dir='ltr'><strong>Rex,</strong></span> <span class='ocrx_word' id='word_1_85' title='bbox 1663 2149 1824 2242; x_wconf 86' lang='lat' dir='ltr'><strong>accito</strong></span> 
     </span>
     <span class='ocr_line' id='line_1_14' title="bbox 548 2276 1828 2420; baseline -0.013 -36"><span class='ocrx_word' id='word_1_86' title='bbox 548 2293 604 2384; x_wconf 92' lang='lat' dir='ltr'><strong>in</strong></span> <span class='ocrx_word' id='word_1_87' title='bbox 638 2278 921 2381; x_wconf 84' lang='lat' dir='ltr'><strong>societatem</strong></span> <span class='ocrx_word' id='word_1_88' title='bbox 958 2276 1177 2380; x_wconf 90' lang='lat' dir='ltr'><strong>Henrico</strong></span> <span class='ocrx_word' id='word_1_89' title='bbox 1209 2277 1410 2418; x_wconf 82' lang='lat' dir='ltr'><strong>Angliae</strong></span> <span class='ocrx_word' id='word_1_90' title='bbox 1443 2281 1615 2420; x_wconf 84' lang='lat' dir='ltr'><strong>Rege,</strong></span> <span class='ocrx_word' id='word_1_91' title='bbox 1652 2284 1828 2383; x_wconf 78' lang='lat' dir='ltr'><strong>Lotre.</strong></span> 
     </span>
     <span class='ocr_line' id='line_1_15' title="bbox 549 2418 1831 2547; baseline -0.001 -19"><span class='ocrx_word' id='word_1_92' title='bbox 549 2464 694 2544; x_wconf 90' lang='lat' dir='ltr'><strong>cum,</strong></span> <span class='ocrx_word' id='word_1_93' title='bbox 728 2459 841 2525; x_wconf 88' lang='lat' dir='ltr'><strong>cum</strong></span> <span class='ocrx_word' id='word_1_94' title='bbox 855 2418 1256 2547; x_wconf 85' lang='lat' dir='ltr'><strong>validoexercitu</strong></span> <span class='ocrx_word' id='word_1_95' title='bbox 1290 2430 1345 2522; x_wconf 93' lang='lat' dir='ltr'><strong>in</strong></span> <span class='ocrx_word' id='word_1_96' title='bbox 1364 2419 1594 2542; x_wconf 89' lang='lat' dir='ltr'><strong>Italiam,</strong></span> <span class='ocrx_word' id='word_1_97' title='bbox 1628 2424 1831 2528; x_wconf 87' lang='lat' dir='ltr'><strong>adlibe·</strong></span> 
     </span>
     <span class='ocr_line' id='line_1_16' title="bbox 549 2560 1832 2705; baseline -0.002 -35"><span class='ocrx_word' id='word_1_98' title='bbox 549 2571 757 2670; x_wconf 88' lang='lat' dir='ltr'><strong>randum</strong></span> <span class='ocrx_word' id='word_1_99' title='bbox 773 2560 1065 2668; x_wconf 89' lang='lat' dir='ltr'><strong>Pontificem</strong></span> <span class='ocrx_word' id='word_1_100' title='bbox 1081 2635 1098 2684; x_wconf 93' lang='lat'><strong>,</strong></span> <span class='ocrx_word' id='word_1_101' title='bbox 1116 2562 1311 2667; x_wconf 85' lang='lat' dir='ltr'><strong>mififfet·</strong></span> <span class='ocrx_word' id='word_1_102' title='bbox 1328 2635 1345 2682; x_wconf 98' lang='lat'><strong>,</strong></span> <span class='ocrx_word' id='word_1_103' title='bbox 1365 2594 1528 2666; x_wconf 89' lang='lat' dir='ltr'><strong>tameo</strong></span> <span class='ocrx_word' id='word_1_104' title='bbox 1546 2637 1565 2684; x_wconf 98' lang='lat'><strong>,</strong></span> <span class='ocrx_word' id='word_1_105' title='bbox 1596 2604 1711 2666; x_wconf 88' lang='lat' dir='ltr'><strong>cum</strong></span> <span class='ocrx_word' id='word_1_106' title='bbox 1726 2570 1832 2705; x_wconf 91' lang='lat' dir='ltr'><strong>post</strong></span> 
     </span>
     <span class='ocr_line' id='line_1_17' title="bbox 548 2704 1831 2851; baseline -0.002 -41"><span class='ocrx_word' id='word_1_107' title='bbox 548 2712 714 2851; x_wconf 86' lang='lat' dir='ltr'><strong>plures</strong></span> <span class='ocrx_word' id='word_1_108' title='bbox 733 2705 917 2809; x_wconf 85' lang='lat' dir='ltr'><strong>menses</strong></span> <span class='ocrx_word' id='word_1_109' title='bbox 938 2704 1120 2808; x_wconf 89' lang='lat' dir='ltr'><strong>cibaria</strong></span> <span class='ocrx_word' id='word_1_110' title='bbox 1138 2714 1191 2809; x_wconf 92' lang='lat' dir='ltr'><strong>in</strong></span> <span class='ocrx_word' id='word_1_111' title='bbox 1209 2745 1315 2808; x_wconf 88' lang='lat' dir='ltr'><strong>arce</strong></span> <span class='ocrx_word' id='word_1_112' title='bbox 1333 2704 1609 2808; x_wconf 84' lang='lat' dir='ltr'><strong>defeciffent</strong></span> <span class='ocrx_word' id='word_1_113' title='bbox 1627 2747 1713 2825; x_wconf 85' lang='lat' dir='ltr'><strong>,ae</strong></span> <span class='ocrx_word' id='word_1_114' title='bbox 1731 2711 1831 2811; x_wconf 89' lang='lat' dir='ltr'><strong>ibi·</strong></span> 
     </span>
     <span class='ocr_line' id='line_1_18' title="bbox 547 2846 1832 2990; baseline -0.002 -37"><span class='ocrx_word' id='word_1_115' title='bbox 547 2853 661 2953; x_wconf 88' lang='lat' dir='ltr'><strong>dem</strong></span> <span class='ocrx_word' id='word_1_116' title='bbox 680 2847 844 2987; x_wconf 89' lang='lat' dir='ltr'><strong>plures</strong></span> <span class='ocrx_word' id='word_1_117' title='bbox 863 2918 880 2965; x_wconf 99' lang='lat'><strong>,</strong></span> <span class='ocrx_word' id='word_1_118' title='bbox 913 2849 995 2948; x_wconf 83' lang='lat' dir='ltr'><strong>vel</strong></span> <span class='ocrx_word' id='word_1_119' title='bbox 1013 2861 1114 2979; x_wconf 79' lang='lat' dir='ltr'><strong>ejus</strong></span> <span class='ocrx_word' id='word_1_120' title='bbox 1143 2887 1204 2949; x_wconf 78' lang='lat' dir='ltr'><strong>ear</strong></span> <span class='ocrx_word' id='word_1_121' title='bbox 1224 2846 1548 2949; x_wconf 82' lang='lat' dir='ltr'><strong>familiaribus</strong></span> <span class='ocrx_word' id='word_1_122' title='bbox 1579 2847 1726 2950; x_wconf 88' lang='lat' dir='ltr'><strong>ellent</strong></span> <span class='ocrx_word' id='word_1_123' title='bbox 1744 2889 1832 2990; x_wconf 89' lang='lat' dir='ltr'><strong>pe·</strong></span> 
     </span>
     <span class='ocr_line' id='line_1_19' title="bbox 550 2982 1832 3132; baseline -0.004 -37"><span class='ocrx_word' id='word_1_124' title='bbox 550 2992 822 3095; x_wconf 90' lang='lat' dir='ltr'><strong>llilentibus</strong></span> <span class='ocrx_word' id='word_1_125' title='bbox 842 2982 1337 3129; x_wconf 79' lang='lat' dir='ltr'><strong>morbisabsumpti,</strong></span> <span class='ocrx_word' id='word_1_126' title='bbox 1368 2989 1602 3093; x_wconf 87' lang='lat' dir='ltr'><strong>Clemens</strong></span> <span class='ocrx_word' id='word_1_127' title='bbox 1621 3062 1638 3111; x_wconf 93' lang='lat'><strong>,</strong></span> <span class='ocrx_word' id='word_1_128' title='bbox 1675 2994 1732 3092; x_wconf 91' lang='lat' dir='ltr'><strong>ad</strong></span> <span class='ocrx_word' id='word_1_129' title='bbox 1749 3030 1832 3132; x_wconf 89' lang='lat' dir='ltr'><strong>pa·</strong></span> 
     </span>
     <span class='ocr_line' id='line_1_20' title="bbox 551 3132 1835 3271; baseline -0.003 -34"><span class='ocrx_word' id='word_1_130' title='bbox 551 3137 752 3237; x_wconf 79' lang='lat' dir='ltr'><strong>rendam</strong></span> <span class='ocrx_word' id='word_1_131' title='bbox 795 3133 884 3237; x_wconf 88' lang='lat' dir='ltr'><strong>frbi</strong></span> <span class='ocrx_word' id='word_1_132' title='bbox 916 3133 1258 3255; x_wconf 86' lang='lat' dir='ltr'><strong>libertatem,</strong></span> <span class='ocrx_word' id='word_1_133' title='bbox 1309 3132 1699 3271; x_wconf 84' lang='lat' dir='ltr'><strong>effugiendasque</strong></span> <span class='ocrx_word' id='word_1_134' title='bbox 1756 3165 1835 3256; x_wconf 83' lang='lat' dir='ltr'><strong>tot</strong></span> 
     </span>
     <span class='ocr_line' id='line_1_21' title="bbox 553 3268 1842 3415; baseline 0 -36"><span class='ocrx_word' id='word_1_135' title='bbox 553 3314 835 3395; x_wconf 88' lang='lat' dir='ltr'><strong>aerumnas,</strong></span> <span class='ocrx_word' id='word_1_136' title='bbox 867 3278 925 3378; x_wconf 90' lang='lat' dir='ltr'><strong>ad</strong></span> <span class='ocrx_word' id='word_1_137' title='bbox 955 3277 1203 3415; x_wconf 69' lang='lat' dir='ltr'><strong>pastiones</strong></span> <span class='ocrx_word' id='word_1_138' title='bbox 1229 3311 1344 3374; x_wconf 90' lang='lat' dir='ltr'><strong>cum</strong></span> <span class='ocrx_word' id='word_1_139' title='bbox 1378 3274 1510 3376; x_wconf 87' lang='lat' dir='ltr'><strong>hoste</strong></span> <span class='ocrx_word' id='word_1_140' title='bbox 1544 3268 1842 3379; x_wconf 56' lang='lat' dir='ltr'><strong>descendere»</strong></span> 
     </span>
     <span class='ocr_line' id='line_1_22' title="bbox 554 3415 1834 3555; baseline 0.001 -36"><span class='ocrx_word' id='word_1_141' title='bbox 554 3420 747 3519; x_wconf 79' lang='lat' dir='ltr'><strong>coafius</strong></span> <span class='ocrx_word' id='word_1_142' title='bbox 763 3417 856 3518; x_wconf 86' lang='lat' dir='ltr'><strong>est.</strong></span> <span class='ocrx_word' id='word_1_143' title='bbox 898 3417 1200 3519; x_wconf 80' lang='lat' dir='ltr'><strong>Gravilfrmae</strong></span> <span class='ocrx_word' id='word_1_144' title='bbox 1225 3416 1325 3518; x_wconf 86' lang='lat' dir='ltr'><strong>illae</strong></span> <span class='ocrx_word' id='word_1_145' title='bbox 1342 3415 1512 3536; x_wconf 89' lang='lat' dir='ltr'><strong>fuere,</strong></span> <span class='ocrx_word' id='word_1_146' title='bbox 1545 3454 1663 3555; x_wconf 86' lang='lat' dir='ltr'><strong>quas</strong></span> <span class='ocrx_word' id='word_1_147' title='bbox 1684 3418 1834 3520; x_wconf 86' lang='lat' dir='ltr'><strong>refert</strong></span> 
     </span>
     <span class='ocr_line' id='line_1_23' title="bbox 554 3557 1833 3698; baseline -0.005 -32"><span class='ocrx_word' id='word_1_148' title='bbox 554 3560 934 3666; x_wconf 86' lang='lat' dir='ltr'><strong>Guicciardinus</strong></span> <span class='ocrx_word' id='word_1_149' title='bbox 954 3560 1194 3666; x_wconf 78' lang='lat' dir='ltr'><strong>HistJtal.</strong></span> <span class='ocrx_word' id='word_1_150' title='bbox 1214 3557 1624 3698; x_wconf 81' lang='lat' dir='ltr'><strong>lib.18.pag.54.,</strong></span> <span class='ocrx_word' id='word_1_151' title='bbox 1644 3593 1718 3681; x_wconf 91' lang='lat' dir='ltr'><strong>ut,</strong></span> <span class='ocrx_word' id='word_1_152' title='bbox 1740 3560 1833 3660; x_wconf 88' lang='lat' dir='ltr'><strong>fci-</strong></span> 
     </span>
     <span class='ocr_line' id='line_1_24' title="bbox 554 3698 1835 3843; baseline -0.003 -39"><span class='ocrx_word' id='word_1_153' title='bbox 554 3703 673 3805; x_wconf 90' lang='lat' dir='ltr'><strong>licet</strong></span> <span class='ocrx_word' id='word_1_154' title='bbox 692 3703 1042 3843; x_wconf 83' lang='lat' dir='ltr'><strong>quadringenta</strong></span> <span class='ocrx_word' id='word_1_155' title='bbox 1060 3738 1317 3803; x_wconf 89' lang='lat' dir='ltr'><strong>aureorum</strong></span> <span class='ocrx_word' id='word_1_156' title='bbox 1336 3704 1495 3804; x_wconf 88' lang='lat' dir='ltr'><strong>millia</strong></span> <span class='ocrx_word' id='word_1_157' title='bbox 1514 3698 1835 3843; x_wconf 81' lang='lat' dir='ltr'><strong>persolveret,</strong></span> 
     </span>
     <span class='ocr_line' id='line_1_25' title="bbox 557 3846 1833 3988; baseline -0.004 -39"><span class='ocrx_word' id='word_1_158' title='bbox 557 3884 665 3988; x_wconf 87' lang='lat' dir='ltr'><strong>quae</strong></span> <span class='ocrx_word' id='word_1_159' title='bbox 696 3846 923 3984; x_wconf 89' lang='lat' dir='ltr'><strong>stipendii</strong></span> <span class='ocrx_word' id='word_1_160' title='bbox 954 3854 1150 3947; x_wconf 90' lang='lat' dir='ltr'><strong>nomine</strong></span> <span class='ocrx_word' id='word_1_161' title='bbox 1167 3851 1410 3983; x_wconf 89' lang='lat' dir='ltr'><strong>acciperet</strong></span> <span class='ocrx_word' id='word_1_162' title='bbox 1428 3885 1511 3966; x_wconf 91' lang='lat' dir='ltr'><strong>ea,</strong></span> <span class='ocrx_word' id='word_1_163' title='bbox 1539 3851 1833 3949; x_wconf 88' lang='lat' dir='ltr'><strong>immanium</strong></span> 
     </span>
     <span class='ocr_line' id='line_1_26' title="bbox 557 3986 1838 4131; baseline -0.002 -42"><span class='ocrx_word' id='word_1_164' title='bbox 557 3995 722 4131; x_wconf 87' lang='lat' dir='ltr'><strong>potius</strong></span> <span class='ocrx_word' id='word_1_165' title='bbox 742 3990 1032 4129; x_wconf 87' lang='lat' dir='ltr'><strong>praedonum</strong></span> <span class='ocrx_word' id='word_1_166' title='bbox 1061 3988 1336 4106; x_wconf 88' lang='lat' dir='ltr'><strong>colluvies,</strong></span> <span class='ocrx_word' id='word_1_167' title='bbox 1369 4027 1517 4127; x_wconf 89' lang='lat' dir='ltr'><strong>quam</strong></span> <span class='ocrx_word' id='word_1_168' title='bbox 1532 3992 1684 4116; x_wconf 87' lang='lat' dir='ltr'><strong>justus</strong></span> <span class='ocrx_word' id='word_1_169' title='bbox 1701 3986 1838 4087; x_wconf 88' lang='lat' dir='ltr'><strong>mili·</strong></span> 
     </span>
     <span class='ocr_line' id='line_1_27' title="bbox 409 4130 1837 4270; baseline -0.005 -35"><span class='ocrx_word' id='word_1_170' title='bbox 409 4131 413 4142; x_wconf 64' lang='grc'>’</span> <span class='ocrx_word' id='word_1_171' title='bbox 558 4162 670 4236; x_wconf 87' lang='lat' dir='ltr'><strong>tum</strong></span> <span class='ocrx_word' id='word_1_172' title='bbox 703 4137 948 4232; x_wconf 80' lang='lat' dir='ltr'><strong>exercitus</strong></span> <span class='ocrx_word' id='word_1_173' title='bbox 976 4172 993 4254; x_wconf 82' lang='lat'>3</span> <span class='ocrx_word' id='word_1_174' title='bbox 1034 4163 1099 4236; x_wconf 77' lang='lat' dir='ltr'><strong>&#39;ex</strong></span> <span class='ocrx_word' id='word_1_175' title='bbox 1126 4130 1234 4231; x_wconf 91' lang='lat' dir='ltr'><strong>illis</strong></span> <span class='ocrx_word' id='word_1_176' title='bbox 1270 4130 1837 4270; x_wconf 73' lang='lat' dir='ltr'><strong>autem&#39;quadringentis</strong></span> 
     </span>
     <span class='ocr_line' id='line_1_28' title="bbox 560 4270 1837 4410; baseline -0.003 -33"><span class='ocrx_word' id='word_1_177' title='bbox 560 4271 815 4392; x_wconf 89' lang='lat' dir='ltr'><strong>millibus,</strong></span> <span class='ocrx_word' id='word_1_178' title='bbox 831 4305 1030 4375; x_wconf 89' lang='lat' dir='ltr'><strong>centum</strong></span> <span class='ocrx_word' id='word_1_179' title='bbox 1046 4272 1203 4376; x_wconf 86' lang='lat' dir='ltr'><strong>millia</strong></span> <span class='ocrx_word' id='word_1_180' title='bbox 1221 4271 1509 4410; x_wconf 82' lang='lat' dir='ltr'><strong>inpraesenti</strong></span> <span class='ocrx_word' id='word_1_181' title='bbox 1522 4270 1802 4379; x_wconf 80' lang='lat' dir='ltr'><strong>num&#39;eraret</strong></span> <span class='ocrx_word' id='word_1_182' title='bbox 1820 4341 1837 4388; x_wconf 94' lang='lat'><strong>,</strong></span> 
     </span>
    </p>
   </div>
   <div class='ocr_carea' id='block_1_2' title="bbox 561 4412 1841 4674">
    <p class='ocr_par' dir='ltr' id='par_1_3' title="bbox 561 4412 1841 4674">
     <span class='ocr_line' id='line_1_29' title="bbox 561 4412 1841 4559; baseline -0.005 -38"><span class='ocrx_word' id='word_1_183' title='bbox 561 4453 773 4559; x_wconf 88' lang='lat' dir='ltr'><strong>cumque</strong></span> <span class='ocrx_word' id='word_1_184' title='bbox 790 4418 848 4520; x_wconf 89' lang='lat' dir='ltr'><strong>ad</strong></span> <span class='ocrx_word' id='word_1_185' title='bbox 864 4420 1265 4558; x_wconf 87' lang='lat' dir='ltr'><strong>hanc·pecuniam</strong></span> <span class='ocrx_word' id='word_1_186' title='bbox 1296 4412 1638 4542; x_wconf 81' lang='lat' dir='ltr'><strong>conflandam,</strong></span> <span class='ocrx_word' id='word_1_187' title='bbox 1667 4450 1841 4553; x_wconf 82' lang='lat' dir='ltr'><strong>argen-</strong></span> 
     </span>
     <span class='ocr_line' id='line_1_30' title="bbox 1056 4590 1836 4674; baseline -0.01 -11"><span class='ocrx_word' id='word_1_188' title='bbox 1056 4632 1058 4635; x_wconf 93' lang='lat'>-</span> <span class='ocrx_word' id='word_1_189' title='bbox 1691 4590 1836 4674; x_wconf 89' lang='lat' dir='ltr'><strong>tum,</strong></span> 
     </span>
    </p>
   </div>
   <div class='ocr_carea' id='block_1_3' title="bbox 0 0 2117 5536">
    <p class='ocr_par' dir='ltr' id='par_1_4' title="bbox 0 0 2117 5536">
     <span class='ocr_line' id='line_1_31' title="bbox 0 0 2117 5536; baseline 0 0"><span class='ocrx_word' id='word_1_190' title='bbox 0 0 2117 5536; x_wconf 95' lang='lat' dir='ltr'><strong> </strong></span> 
     </span>
    </p>
   </div>
  </div>
 </body>
</html>
