4208 5536
538 486 597 549 10

604 487 633 549 o

662 585 924 691 Balthaffar
943 586 1084 694 Cossa
1099 586 1415 710 Cardinalis,
1442 589 1671 695 Bononiae
1707 588 1801 693 Le}

523 734 781 871 gatus‘post
796 735 994 835 obitum
1008 731 1288 834 Alexandri
1301 738 1365 836 V.
1383 810 1397 850 ,
1416 744 1618 838 vivente
1639 733 1800 837 adhuc

525 875 769 1011 Gregorio
789 866 904 977 XII.
925 947 942 995 ,
976 882 1097 980 &in
1116 874 1348 1015 Hispania
1368 876 1632 979 Benedifio
1654 875 1797 982 XIII.

522 1026 652 1127 inter
686 1015 849 1117 feralis
882 1091 898 1136 ,
947 1006 1268 1155 diuturnique
1310 1016 1580 1124 schismatis
1614 1017 1799 1137 turbas,

524 1155 754 1262 Pontifex
777 1160 956 1261 eletius
977 1160 1072 1260 est.
1100 1161 1196 1275 'Ad
1214 1160 1582 1262 has'difcordias
1600 1199 1803 1298 compo·
1866 1230 1868 1235 «

523 1302 736 1418 nendas,
772 1310 891 1401 curn
926 1301 1219 1403 Constantiae
1239 1305 1528 1405 Concilium
1558 1306 1804 1404 inditium

526 1443 636 1545 effet
656 1445 930 1578 ,johannes
949 1452 1007 1545 eb
1027 1441 1268 1582 profefius
1287 1445 1381 1566 est,
1426 1455 1636 1584 qubjam
1655 1447 1804 1545 adve-

524 1621 661 1688 nerat
683 1586 1020 1726 Sigifmundus
1038 1590 1344 1725 imperator,
1373 1586 1454 1688 sed
1473 1589 1559 1689 ille
1576 1596 1767 1689 veritus
1787 1662 1805 1707 ,

526 1767 588 1829 ne
608 1732 859 1868 pontificia
879 1729 1118 1864 dignitate
1148 1728 1194 1830 fe
1212 1768 1387 1834 exuere
1406 1731 1593 1833 ibidem
1610 1764 1806 1868 cogere·

526 1902 640 1988 tur,
679 1870 806 1972 clam
842 1869 1151 1989 Schafufam,
1200 1910 1255 1971 ac
1302 1873 1476 1974 deinde
1507 1873 1811 2011 Friburgum
1912 2000 1916 2005 1

526 2011 714 2152 aufugit
731 2087 746 2133 ,
762 2015 849 2114 ubi
868 2044 1056 2151 captus,
1075 2021 1128 2112 in
1143 2050 1389 2114 carcerem
1407 2051 1559 2153 prope
1573 2014 1816 2144 Constan·'

526 2164 678 2274 tiam,
696 2153 1054 2283 Conciliijuffu
1074 2155 1350 2283 ,conjefius
1368 2156 1431 2256 est
1450 2196 1466 2276 3
1498 2193 1554 2256 eo
1567 2187 1730 2258 autem
1750 2163 1806 2260 in

526 2298 792 2417 Concilio,
822 2296 957 2400 causa
988 2307 1042 2397 in
1073 2295 1231 2436 ipsum
1265 2298 1522 2417 instruite,
1558 2295 1802 2438 variisque

527 2442 729 2569 objefiis
764 2441 1092 2558 criminibus,
1125 2438 1455 2578 pontificatu,
1492 2442 1682 2542 cunstis
1722 2479 1809 2581 ap·
1913 2560 1916 2566 ,

525 2583 850 2718 probantibus
869 2582 1096 2685 Patribus
1114 2582 1353 2702 ,dejestus
1372 2584 1434 2684 est
1450 2655 1466 2699 ,
1482 2586 1532 2685 ὃ(
1548 2584 1807 2718 Ludovico

532 2722 745 2825 Bavariae
767 2725 902 2826 Duci
929 2726 1300 2842 custodiendus,
1333 2725 1543 2824 traditus
1563 2791 1575 2818 .
1615 2723 1807 2863 Grego-

531 2875 632 2966 rius
660 2874 844 2967 interea
863 2866 979 2969 xil.
1008 2865 1140 2968 ultro
1173 2864 1477 3004 pontificiam
1512 2867 1806 3002 dignitatem
1937 2930 1939 2935 ·

529 3008 781 3147 deposuit3
813 3049 865 3111 ea
883 3018 1003 3112 verb
1018 3008 1307 3110 Benedifbus
1326 3009 1467 3110 xssl.
1489 3078 1507 3124 ,
1542 3016 1614 3107 uti
1631 3040 1807 3110 contu·

528 3190 643 3252 max
664 3227 679 3271 ,
707 3163 931 3253 omnium
951 3150 1188 3286 suffragiis
1214 3159 1438 3289 privatus
1459 3152 1554 3271 est3
1586 3151 1664 3250 his
1686 3152 1808 3252 duo·

490 3328 497 3339 ’
527 3293 618 3395 bus
638 3334 753 3433 ergo
781 3296 1015 3410 sublatis,
1048 3292 1302 3393 Martinus
1325 3296 1384 3392 V.
1402 3295 1663 3411 Summus,
1697 3331 1807 3435 cerff

526 3434 698 3573 rusque
718 3435 949 3540 Pontifex
968 3434 1148 3537 elefius
1167 3433 1296 3553 fuit,
1316 3434 1653 3568 cuiJohannes
1675 3447 1700 3537 “e
1720 3476 1805 3539 cu·

528 3579 674 3679 stodia
696 3579 881 3718 elapsus
893 3652 911 3700 ‚
930 3580 1129 3680 tandem
1146 3577 1191 3677 fe
1206 3577 1454 3681 fubmiftt.

667 3725 801 3826 Cum
822 3727 906 3841 hi,
925 3760 1046 3859 quos
1067 3720 1393 3860 proferimus,
1422 3728 1608 3824 denarii
1623 3754 1804 3855 argen-

526 3871 628 3981 tei,
665 3903 717 3964 ac
756 3868 935 4001 probi,
967 3862 1146 4003 absque
1182 3866 1379 3966 alterius
1401 3866 1590 3967 vilioris
1611 3860 1801 3963 metalli

523 4015 744 4107 mixtura
762 4006 848 4107 fint
869 4080 886 4125 ,
921 4014 1160 4132 conjicere
1179 4008 1242 4109 est
1262 4079 1277 4127 ,
1296 4006 1510 4108 sublatos
1531 4002 1665 4105 fuiffe
1680 4003 1801 4107 illos

524 4152 807 4286 improbos,
827 4187 949 4289 quos
964 4149 1206 4284 johannes
1225 4153 1401 4252 Romae
1423 4150 1538 4249 cudi
1555 4148 1622 4249 ob
1640 4156 1799 4250 aerarii

523 4296 789 4428 angustiam
806 4296 1020 4416 fecerat,
1048 4293 1108 4393 de
1137 4290 1314 4432 quibus
1334 4290 1553 4432 loquitur
1570 4290 1801 4396 Theodo·

522 4438 651 4538 ficus
688 4441 748 4543 de
764 4439 911 4544 Niem
944 4446 996 4579 in
1030 4442 1135 4538 vita
1165 4433 1379 4569 ejusdem
1393 4436 1647 4573 Pontificis
1673 4444 1800 4536 inter

1675 4576 1808 4681 Scri·
