4208 5536
1457 442 1556 531 2'17

407 554 687 661 Franciscus
707 548 985 658 Cardinalis
1001 545 1316 654 Armellinus
1345 557 1371 649 i
1389 549 1552 652 Leone

274 698 424 840 usque
443 704 506 806 X.
528 773 545 819 ‚
576 709 710 826 cujus
730 702 882 834 gratia
900 692 1153 833 pollebat,
1184 725 1238 792 ut
1268 696 1408 830 [upra
1425 693 1556 792 dixi·

272 882 380 944 mus
401 917 418 962 ,
445 842 685 943 Marchiae
699 843 1020 941 Anconitanae
1041 834 1283 974 legatione
1302 838 1555 934 decoratus

271 983 399 1103 fuit,
418 986 602 1125 legitur
621 982 750 1120 apud
765 983 999 1086 Ciaccon·
1022 976 1166 1083 Tom.
1192 1013 1237 1102 3.
1257 976 1349 1079 col.
1358 982 1419 1104 38
1423 1011 1484 1104 9.-

364 1390 368 1395 Ι
413 1300 888 1369 eiflm.V11·PoNT.MAx.
909 1266 1146 1399 Stemma,
1167 1262 1380 1402 utsupra
1399 1334 1415 1379 ‚
1434 1256 1559 1360 infra

272 1445 454 1552 parvus
477 1409 612 1509 Leo.
1187 1534 1194 1545 „

368 1658 374 1665 ,
413 1589 596 1651 armna
630 1585 783 1649 surus.
820 1548 965 1652 Crux
996 1587 1060 1651 ex
1093 1546 1239 1652 stellis
1258 1545 1560 1684 composita,

277 1730 425 1831 quam
443 1690 653 1792 stellatus
672 1691 885 1793 circulus
898 1694 1055 1793 ambit
1070 1766 1086 1810 ,
1103 1689 1339 1809 inferius,
1366 1691 1424 1790 ad
1443 1689 1562 1790 late·

166 1890 170 1897 ·
277 1872 328 1934 ra
346 1836 544 1936 stemma
563 1828 816 1971 utriusque
833 1835 1109 1935 Cardinalis
1125 1829 1354 1934 Accoiti.

420 2159 541 2221 cren.
560 2156 632 2218 un.
647 2159 682 2218 Ρ.
699 2153 747 2212 n.
767 2113 985 2217 Stemma
1003 2189 1021 2237 ‚
1037 2150 1094 2220 ut
1112 2114 1272 2254 supra,
1290 2119 1340 2220 dc
1357 2112 1483 2218 infra
1500 2120 1561 2219 ad
1601 2172 1607 2177 ·

280 2263 541 2364 dexterum
560 2259 686 2358 latus
706 2290 884 2394 parvus
899 2257 1028 2359 Leo.

421 2438 453 2500 s.
473 2441 582 2506 unu.
601 2430 765 2497 Ancon·
800 2400 846 2501 S.
863 2400 1075 2533 Cyriaci
1095 2398 1361 2539 episcopali
1387 2398 1565 2503 habitu

280 2543 479 2662 induti,
515 2568 783 2682 protome,
820 2541 1024 2642 dextera
1056 2541 1347 2661 benedicit,
1383 2540 1564 2644 sinistra

282 2720 481 2786 crucem
493 2709 649 2804 tenet,
665 2678 787 2785 infra
802 2681 1001 2789 stemma
1014 2683 1267 2792 Benedisti
1281 2682 1563 2791 Cardinalis

281 2826 524 2930 Accolti.
570 2908 574 2913 .
1511 2864 1515 2873 ’

424 2969 567 3071 Dum
595 2968 904 3072 Anconitani
938 2976 1092 3076 Cives
1131 2975 1404 3112 pontificiis
1433 2972 1567 3101 juffi-

280 3114 394 3227 bus,
408 3146 510 3211 non
532 3109 679 3213 modo
696 3141 922 3246 parerent
940 3186 958 3233 ,
1015 3121 1100 3213 uin
1117 3121 1221 3215 imb
1239 3113 1432 3216 eosdem
1447 3150 1567 3213 con-

284 3280 559 3357 temnerent
575 3324 592 3371 ,
608 3249 867 3391 eleiiisque
886 3256 945 3356 ad
967 3151 1160 3360 &rbem
1177 3256 1442 3393 regendam
1459 3255 1564 3357 De·

284 3392 607 3511 curionibus,
628 3390 867 3498 libertatis
886 3434 1064 3499 nomen
1081 3405 1379 3537 arrogantius
1397 3394 1568 3538 praese·
1689 3505 1690 3509 a

221 3590 227 3605 ·
285 3536 505 3654 ferrent,
542 3534 777 3639 Clemens
796 3538 948 3657 VIL,
984 3538 1210 3641 hortante
1245 3543 1391 3640 Petro
1412 3537 1568 3640 Card.¹

284 3676 538 3795 Accolt0,
575 3684 662 3815 qui
681 3673 894 3804 ejusdem
918 3679 1075 3786 Urbis
1095 3679 1357 3922 Episcofus
1375 3680 1528 3780 iuerat
1548 3753 1566 3799 ,

286 3856 402 3921 cum
434 3826 700 3936 timorem,
730 3834 1015 3940 verumne,
1045 3861 1107 3924 an
1139 3823 1259 3925 simu
1283 3854 1416 3923 atum
1433 3895 1449 3941 ,
1486 3830 1565 3922 in·

287 3991 477 4063 certum
493 4035 510 4080 ,
526 3959 628 4062 illis
645 3960 859 4065 Civibus
877 3963 1046 4069 Claffis
1065 3965 1289 4068 Turcicae
1308 3971 1565 4084 adventus,

185 4120 190 4125 '
288 4102 541 4233 injecisset,
558 4141 685 4206 anno
706 4138 764 4231 15
772 4139 875 4229 320,
893 4108 952 4208 ad
970 4102 1290 4209 defenfionem
1306 4109 1440 4209 illius
1465 4106 1568 4211 Ur·

287 4242 365 4346 bis
403 4244 530 4345 misrt
562 4285 675 4347 cum
703 4249 1080 4388 quadringentis
1117 4249 1369 4388 peditibus
1397 4242 1568 4383 Aloy'·

289 4384 408 4489 [ium
421 4386 705 4531 Gonzagam
721 4460 738 4510 ,
756 4397 845 4531 qui
861 4397 1115 4531 occupatis
1135 4391 1330 4512 Portis,
1352 4428 1405 4490 ac
1422 4387 1531 4491 foro
1548 4406 1570 4509 ,'

704 4554 707 4559 ’
999 4533 1077 4633 Ee
1389 4532 1573 4633 21.Se·
