<?xml version="1.0" encoding="UTF-8"?>
<!DOCTYPE html PUBLIC "-//W3C//DTD XHTML 1.0 Transitional//EN"
    "http://www.w3.org/TR/xhtml1/DTD/xhtml1-transitional.dtd">
<html xmlns="http://www.w3.org/1999/xhtml" xml:lang="en" lang="en">
 <head>
  <title>
</title>
<meta http-equiv="Content-Type" content="text/html;charset=utf-8" />
  <meta name='ocr-system' content='tesseract 3.04.00' />
  <meta name='ocr-capabilities' content='ocr_page ocr_carea ocr_par ocr_line ocrx_word'/>
</head>
<body>
  <div class='ocr_page' id='page_1' title='image "./antiquiromanoru00fiorgoog_0273.png"; bbox 0 0 1033 1383; ppageno 0'>
   <div class='ocr_carea' id='block_1_1' title="bbox 254 105 306 130">
    <p class='ocr_par' dir='ltr' id='par_1_1' title="bbox 254 105 306 130">
     <span class='ocr_line' id='line_1_1' title="bbox 254 105 306 130; baseline 0.019 -1"><span class='ocrx_word' id='word_1_1' title='bbox 254 105 306 130; x_wconf 72' lang='lat'>206</span> 
     </span>
    </p>
   </div>
   <div class='ocr_carea' id='block_1_2' title="bbox 256 526 914 1159">
    <p class='ocr_par' dir='ltr' id='par_1_2' title="bbox 256 526 897 661">
     <span class='ocr_line' id='line_1_2' title="bbox 325 526 897 563; baseline -0.002 -9"><span class='ocrx_word' id='word_1_2' title='bbox 325 538 374 554; x_wconf 61' lang='lat' dir='ltr'>sema</span> <span class='ocrx_word' id='word_1_3' title='bbox 388 537 488 553; x_wconf 59' lang='lat' dir='ltr'>vacam:</span> <span class='ocrx_word' id='word_1_4' title='bbox 494 546 501 553; x_wconf 90' lang='lat'>.</span> <span class='ocrx_word' id='word_1_5' title='bbox 517 528 609 554; x_wconf 76' lang='lat' dir='ltr'>Claves</span> <span class='ocrx_word' id='word_1_6' title='bbox 623 526 748 554; x_wconf 78' lang='lat' dir='ltr'>decuffatae</span> <span class='ocrx_word' id='word_1_7' title='bbox 755 546 764 558; x_wconf 90' lang='lat'>,</span> <span class='ocrx_word' id='word_1_8' title='bbox 778 528 897 563; x_wconf 67' lang='lat' dir='ltr'>alligatae—</span> 
     </span>
     <span class='ocr_line' id='line_1_3' title="bbox 256 563 896 599; baseline -0.002 -9"><span class='ocrx_word' id='word_1_9' title='bbox 256 573 305 599; x_wconf 82' lang='lat' dir='ltr'>que</span> <span class='ocrx_word' id='word_1_10' title='bbox 314 563 385 590; x_wconf 80' lang='lat' dir='ltr'>hastae</span> <span class='ocrx_word' id='word_1_11' title='bbox 399 563 526 589; x_wconf 82' lang='lat' dir='ltr'>Umbellae</span> <span class='ocrx_word' id='word_1_12' title='bbox 535 563 670 589; x_wconf 72' lang='lat' dir='ltr'>pontificiae</span> <span class='ocrx_word' id='word_1_13' title='bbox 678 581 687 593; x_wconf 91' lang='lat'>,</span> <span class='ocrx_word' id='word_1_14' title='bbox 696 572 771 598; x_wconf 83' lang='lat' dir='ltr'>quam</span> <span class='ocrx_word' id='word_1_15' title='bbox 779 563 896 590; x_wconf 77' lang='lat' dir='ltr'>Confalo-</span> 
     </span>
     <span class='ocr_line' id='line_1_4' title="bbox 257 598 897 634; baseline 0.002 -9"><span class='ocrx_word' id='word_1_16' title='bbox 257 609 315 625; x_wconf 84' lang='lat' dir='ltr'>uem</span> <span class='ocrx_word' id='word_1_17' title='bbox 325 600 412 625; x_wconf 84' lang='lat' dir='ltr'>dieunt</span> <span class='ocrx_word' id='word_1_18' title='bbox 420 617 429 629; x_wconf 90' lang='lat'>‚</span> <span class='ocrx_word' id='word_1_19' title='bbox 444 598 545 624; x_wconf 78' lang='lat' dir='ltr'>inferius</span> <span class='ocrx_word' id='word_1_20' title='bbox 560 599 715 634; x_wconf 80' lang='lat' dir='ltr'>gentilitium</span> <span class='ocrx_word' id='word_1_21' title='bbox 724 599 824 626; x_wconf 74' lang='lat' dir='ltr'>stemma</span> <span class='ocrx_word' id='word_1_22' title='bbox 834 599 897 626; x_wconf 84' lang='lat' dir='ltr'>Car-</span> 
     </span>
     <span class='ocr_line' id='line_1_5' title="bbox 257 634 510 661; baseline -0.008 0"><span class='ocrx_word' id='word_1_23' title='bbox 257 635 346 661; x_wconf 80' lang='lat' dir='ltr'>dinalis</span> <span class='ocrx_word' id='word_1_24' title='bbox 356 634 492 661; x_wconf 78' lang='lat' dir='ltr'>Armellini</span> <span class='ocrx_word' id='word_1_25' title='bbox 503 652 510 660; x_wconf 86' lang='lat'>.</span> 
     </span>
    </p>

    <p class='ocr_par' dir='ltr' id='par_1_3' title="bbox 258 670 900 732">
     <span class='ocr_line' id='line_1_6' title="bbox 327 670 900 702; baseline 0.002 -6"><span class='ocrx_word' id='word_1_26' title='bbox 327 681 344 696; x_wconf 86' lang='lat' dir='ltr'>s.</span> <span class='ocrx_word' id='word_1_27' title='bbox 350 680 429 696; x_wconf 69' lang='grc' dir='ltr'>ητκυε</span> <span class='ocrx_word' id='word_1_28' title='bbox 438 688 447 700; x_wconf 90' lang='grc'><strong>,</strong></span> <span class='ocrx_word' id='word_1_29' title='bbox 462 671 486 696; x_wconf 89' lang='lat'>&amp;</span> <span class='ocrx_word' id='word_1_30' title='bbox 495 680 512 695; x_wconf 82' lang='lat' dir='ltr'>s·</span> <span class='ocrx_word' id='word_1_31' title='bbox 521 679 602 696; x_wconf 66' lang='lat' dir='ltr'>muzus</span> <span class='ocrx_word' id='word_1_32' title='bbox 608 688 619 701; x_wconf 86' lang='lat'>,</span> <span class='ocrx_word' id='word_1_33' title='bbox 634 670 707 696; x_wconf 82' lang='lat' dir='ltr'>ambo</span> <span class='ocrx_word' id='word_1_34' title='bbox 716 670 802 697; x_wconf 82' lang='lat' dir='ltr'>stantes</span> <span class='ocrx_word' id='word_1_35' title='bbox 809 688 818 702; x_wconf 89' lang='lat'>,</span> <span class='ocrx_word' id='word_1_36' title='bbox 827 671 853 697; x_wconf 75' lang='grc' dir='ltr'>δι</span> <span class='ocrx_word' id='word_1_37' title='bbox 862 672 900 696; x_wconf 85' lang='lat' dir='ltr'>in-</span> 
     </span>
     <span class='ocr_line' id='line_1_7' title="bbox 258 706 692 732; baseline -0.009 0"><span class='ocrx_word' id='word_1_38' title='bbox 258 706 332 732; x_wconf 79' lang='lat' dir='ltr'>ferius</span> <span class='ocrx_word' id='word_1_39' title='bbox 344 716 402 732; x_wconf 63' lang='lat' dir='ltr'>nom«</span> <span class='ocrx_word' id='word_1_40' title='bbox 411 723 418 730; x_wconf 85' lang='grc'><strong>.</strong></span> <span class='ocrx_word' id='word_1_41' title='bbox 690 725 692 728; x_wconf 97' lang='grc'>.</span> 
     </span>
    </p>

    <p class='ocr_par' dir='ltr' id='par_1_4' title="bbox 285 741 914 776">
     <span class='ocr_line' id='line_1_8' title="bbox 285 741 914 776; baseline 0.002 -9"><span class='ocrx_word' id='word_1_42' title='bbox 285 755 287 757; x_wconf 61' lang='lat'>&gt;</span> <span class='ocrx_word' id='word_1_43' title='bbox 329 742 359 768; x_wconf 82' lang='lat' dir='ltr'>Iu</span> <span class='ocrx_word' id='word_1_44' title='bbox 366 742 414 767; x_wconf 82' lang='lat' dir='ltr'>hoc</span> <span class='ocrx_word' id='word_1_45' title='bbox 424 750 531 767; x_wconf 83' lang='lat' dir='ltr'><strong>nummo</strong></span> <span class='ocrx_word' id='word_1_46' title='bbox 538 759 548 771; x_wconf 85' lang='lat'>,</span> <span class='ocrx_word' id='word_1_47' title='bbox 565 741 710 776; x_wconf 78' lang='lat' dir='ltr'>Apostolica</span> <span class='ocrx_word' id='word_1_48' title='bbox 719 742 780 768; x_wconf 80' lang='lat' dir='ltr'>Sede</span> <span class='ocrx_word' id='word_1_49' title='bbox 796 749 900 768; x_wconf 80' lang='lat' dir='ltr'>vacante</span> <span class='ocrx_word' id='word_1_50' title='bbox 911 753 914 755; x_wconf 89' lang='lat'>·</span> 
     </span>
    </p>

    <p class='ocr_par' dir='ltr' id='par_1_5' title="bbox 258 777 900 981">
     <span class='ocr_line' id='line_1_9' title="bbox 258 777 899 814; baseline -0.002 -10"><span class='ocrx_word' id='word_1_51' title='bbox 258 777 367 814; x_wconf 74' lang='lat' dir='ltr'>percusso</span> <span class='ocrx_word' id='word_1_52' title='bbox 374 795 383 807; x_wconf 91' lang='lat'>‚</span> <span class='ocrx_word' id='word_1_53' title='bbox 401 779 512 812; x_wconf 85' lang='lat' dir='ltr'>primum</span> <span class='ocrx_word' id='word_1_54' title='bbox 521 784 638 812; x_wconf 76' lang='lat' dir='ltr'>apparent</span> <span class='ocrx_word' id='word_1_55' title='bbox 650 778 752 812; x_wconf 77' lang='lat' dir='ltr'><strong>infignia</strong></span> <span class='ocrx_word' id='word_1_56' title='bbox 759 778 899 804; x_wconf 82' lang='lat' dir='ltr'>Cardinalis</span> 
     </span>
     <span class='ocr_line' id='line_1_10' title="bbox 258 813 898 840; baseline -0.003 0"><span class='ocrx_word' id='word_1_57' title='bbox 258 815 282 840; x_wconf 88' lang='lat' dir='ltr'>S.</span> <span class='ocrx_word' id='word_1_58' title='bbox 292 814 325 840; x_wconf 87' lang='lat' dir='ltr'>R.</span> <span class='ocrx_word' id='word_1_59' title='bbox 335 814 362 839; x_wconf 90' lang='lat' dir='ltr'>E.</span> <span class='ocrx_word' id='word_1_60' title='bbox 371 813 508 839; x_wconf 76' lang='lat' dir='ltr'>camerarii</span> <span class='ocrx_word' id='word_1_61' title='bbox 516 831 523 838; x_wconf 89' lang='lat'>.</span> <span class='ocrx_word' id='word_1_62' title='bbox 539 813 562 838; x_wconf 90' lang='lat' dir='ltr'>Is</span> <span class='ocrx_word' id='word_1_63' title='bbox 572 820 630 838; x_wconf 84' lang='lat' dir='ltr'>tunc</span> <span class='ocrx_word' id='word_1_64' title='bbox 638 821 689 838; x_wconf 83' lang='lat' dir='ltr'>erat</span> <span class='ocrx_word' id='word_1_65' title='bbox 697 813 837 839; x_wconf 72' lang='lat' dir='ltr'>franciscus</span> <span class='ocrx_word' id='word_1_66' title='bbox 846 814 898 839; x_wconf 85' lang='lat' dir='ltr'>Ar-</span> 
     </span>
     <span class='ocr_line' id='line_1_11' title="bbox 259 848 900 883; baseline -0.002 -8"><span class='ocrx_word' id='word_1_67' title='bbox 259 849 374 875; x_wconf 84' lang='lat' dir='ltr'>mellinus</span> <span class='ocrx_word' id='word_1_68' title='bbox 382 865 391 878; x_wconf 88' lang='lat'>,</span> <span class='ocrx_word' id='word_1_69' title='bbox 399 848 447 874; x_wconf 86' lang='lat' dir='ltr'>hoc</span> <span class='ocrx_word' id='word_1_70' title='bbox 457 857 559 875; x_wconf 84' lang='lat' dir='ltr'>munere</span> <span class='ocrx_word' id='word_1_71' title='bbox 568 850 581 874; x_wconf 67' lang='grc' dir='ltr'>ὲ</span> <span class='ocrx_word' id='word_1_72' title='bbox 590 848 671 874; x_wconf 82' lang='lat' dir='ltr'>Leone</span> <span class='ocrx_word' id='word_1_73' title='bbox 677 849 711 875; x_wconf 85' lang='lat' dir='ltr'>X.</span> <span class='ocrx_word' id='word_1_74' title='bbox 722 849 817 879; x_wconf 61' lang='lat' dir='ltr'>nunus,</span> <span class='ocrx_word' id='word_1_75' title='bbox 827 856 900 883; x_wconf 83' lang='lat' dir='ltr'>atque</span> 
     </span>
     <span class='ocr_line' id='line_1_12' title="bbox 261 883 899 919; baseline 0 -9"><span class='ocrx_word' id='word_1_76' title='bbox 261 885 291 911; x_wconf 84' lang='lat' dir='ltr'>ab</span> <span class='ocrx_word' id='word_1_77' title='bbox 297 885 360 911; x_wconf 78' lang='lat' dir='ltr'>hanc</span> <span class='ocrx_word' id='word_1_78' title='bbox 369 884 517 919; x_wconf 82' lang='lat' dir='ltr'>dignitatem</span> <span class='ocrx_word' id='word_1_79' title='bbox 528 883 634 917; x_wconf 87' lang='lat' dir='ltr'>istudjus</span> <span class='ocrx_word' id='word_1_80' title='bbox 643 885 666 909; x_wconf 89' lang='lat' dir='ltr'>ei</span> <span class='ocrx_word' id='word_1_81' title='bbox 673 884 759 910; x_wconf 82' lang='lat' dir='ltr'>datum</span> <span class='ocrx_word' id='word_1_82' title='bbox 767 884 799 910; x_wconf 85' lang='lat' dir='ltr'>est</span> <span class='ocrx_word' id='word_1_83' title='bbox 806 903 815 914; x_wconf 87' lang='lat'>,</span> <span class='ocrx_word' id='word_1_84' title='bbox 823 884 882 910; x_wconf 82' lang='lat' dir='ltr'>ficut</span> <span class='ocrx_word' id='word_1_85' title='bbox 889 902 899 915; x_wconf 82' lang='lat'>,</span> 
     </span>
     <span class='ocr_line' id='line_1_13' title="bbox 261 919 829 981; baseline -0.002 -34"><span class='ocrx_word' id='word_1_86' title='bbox 261 922 286 947; x_wconf 90' lang='lat'>&amp;</span> <span class='ocrx_word' id='word_1_87' title='bbox 295 921 348 946; x_wconf 83' lang='lat' dir='ltr'>aliis</span> <span class='ocrx_word' id='word_1_88' title='bbox 357 938 366 950; x_wconf 94' lang='lat'>‚</span> <span class='ocrx_word' id='word_1_89' title='bbox 374 922 418 955; x_wconf 89' lang='lat' dir='ltr'>qui</span> <span class='ocrx_word' id='word_1_90' title='bbox 425 920 476 956; x_wconf 71' lang='lat' dir='ltr'>post</span> <span class='ocrx_word' id='word_1_91' title='bbox 483 919 677 981; x_wconf 54' lang='lat' dir='ltr'>ipsumliandem</span> <span class='ocrx_word' id='word_1_92' title='bbox 683 919 813 946; x_wconf 83' lang='lat' dir='ltr'>obtinuere</span> <span class='ocrx_word' id='word_1_93' title='bbox 822 938 829 945; x_wconf 88' lang='lat'><strong>.</strong></span> 
     </span>
    </p>

    <p class='ocr_par' dir='ltr' id='par_1_6' title="bbox 259 988 900 1089">
     <span class='ocr_line' id='line_1_14' title="bbox 328 988 900 1026; baseline -0.002 -10"><span class='ocrx_word' id='word_1_94' title='bbox 328 1000 439 1016; x_wconf 52' lang='lat' dir='ltr'>&amp;Romam</span> <span class='ocrx_word' id='word_1_95' title='bbox 451 988 560 1017; x_wconf 68' lang='lat' dir='ltr'>ae&#39;ccusm.</span> <span class='ocrx_word' id='word_1_96' title='bbox 577 991 651 1017; x_wconf 80' lang='lat' dir='ltr'>Tiara</span> <span class='ocrx_word' id='word_1_97' title='bbox 667 990 796 1018; x_wconf 77' lang='lat' dir='ltr'>pontificia</span> <span class='ocrx_word' id='word_1_98' title='bbox 805 1008 815 1021; x_wconf 89' lang='lat'>,</span> <span class='ocrx_word' id='word_1_99' title='bbox 828 989 900 1026; x_wconf 80' lang='lat' dir='ltr'>supra</span> 
     </span>
     <span class='ocr_line' id='line_1_15' title="bbox 260 1026 900 1063; baseline -0.003 -10"><span class='ocrx_word' id='word_1_100' title='bbox 260 1027 339 1053; x_wconf 82' lang='lat' dir='ltr'>claves</span> <span class='ocrx_word' id='word_1_101' title='bbox 356 1026 480 1053; x_wconf 72' lang='lat' dir='ltr'>decuffatae</span> <span class='ocrx_word' id='word_1_102' title='bbox 488 1045 498 1059; x_wconf 93' lang='lat'>‚</span> <span class='ocrx_word' id='word_1_103' title='bbox 516 1027 542 1053; x_wconf 91' lang='lat'>&amp;</span> <span class='ocrx_word' id='word_1_104' title='bbox 556 1026 621 1053; x_wconf 77' lang='lat' dir='ltr'>infra</span> <span class='ocrx_word' id='word_1_105' title='bbox 635 1026 731 1053; x_wconf 85' lang='lat' dir='ltr'>scutum</span> <span class='ocrx_word' id='word_1_106' title='bbox 744 1026 900 1063; x_wconf 85' lang='lat' dir='ltr'>gentilitium</span> 
     </span>
     <span class='ocr_line' id='line_1_16' title="bbox 259 1072 380 1089; baseline -0.017 0"><span class='ocrx_word' id='word_1_107' title='bbox 259 1072 366 1089; x_wconf 85' lang='lat' dir='ltr'><strong>vacuum</strong></span> <span class='ocrx_word' id='word_1_108' title='bbox 374 1081 380 1087; x_wconf 89' lang='lat'>.</span> 
     </span>
    </p>

    <p class='ocr_par' dir='ltr' id='par_1_7' title="bbox 331 1096 905 1132">
     <span class='ocr_line' id='line_1_17' title="bbox 331 1096 905 1132; baseline -0.003 -7"><span class='ocrx_word' id='word_1_109' title='bbox 331 1109 451 1125; x_wconf 67' lang='grc' dir='ltr'>ε-ιοΛΝΝες.</span> <span class='ocrx_word' id='word_1_110' title='bbox 460 1108 476 1124; x_wconf 92' lang='lat' dir='ltr'>s.</span> <span class='ocrx_word' id='word_1_111' title='bbox 484 1107 593 1129; x_wconf 71' lang='lat' dir='ltr'><strong>numus,</strong></span> <span class='ocrx_word' id='word_1_112' title='bbox 600 1096 700 1125; x_wconf 74' lang='lat' dir='ltr'>infexius</span> <span class='ocrx_word' id='word_1_113' title='bbox 709 1102 779 1125; x_wconf 67' lang='lat' dir='ltr'>mm</span> <span class='ocrx_word' id='word_1_114' title='bbox 787 1116 794 1124; x_wconf 89' lang='lat'>.</span> <span class='ocrx_word' id='word_1_115' title='bbox 803 1097 905 1132; x_wconf 80' lang='lat' dir='ltr'><strong>S.Joan-</strong></span> 
     </span>
    </p>

    <p class='ocr_par' dir='ltr' id='par_1_8' title="bbox 854 1141 897 1159">
     <span class='ocr_line' id='line_1_18' title="bbox 854 1141 897 1159; baseline 0 -1"><span class='ocrx_word' id='word_1_116' title='bbox 854 1141 897 1159; x_wconf 80' lang='lat' dir='ltr'>nes</span> 
     </span>
    </p>
   </div>
  </div>
 </body>
</html>
