4208 5536
341 557 583 665 causantes
614 557 899 657 canonicam
928 546 1122 654 Urbani
1142 546 1472 671 eleetionem,
1508 577 1616 652 tan-

342 740 490 843 quam
507 710 688 818 minis,
720 720 773 797 'ac
791 702 843 794 vi
861 723 1106 795 extortam
1124 734 1139 815 3
1161 695 1397 798 Clemens
1416 724 1615 814 autem,
1730 758 1734 764 ·

337 857 405 948 ita
425 855 560 945 enim
578 841 832 944 Robertos
868 845 1038 938 vocari
1068 838 1263 957 voluit,
1299 842 1619 939 Aveniooem

335 997 524 1127 petiit,
560 988 686 1087 unde
715 990 915 1082 initium
955 979 1205 1081 schismati
1239 982 1410 1080 datum
1429 1055 1446 1100 ,
1482 980 1617 1119 quod

335 1122 1106 1235 DeiEcciefiamdiitfunestavit.
1148 1123 1277 1224 Vide
1292 1122 1615 1257 Raynaldum

334 1274 562 1413 pluribus
606 1270 711 1371 haec
751 1266 1043 1368 referentem
1090 1267 1149 1365 ad
1195 1296 1387 1366 annum'
1424 1266 1614 1369 Christi

304 1504 306 1509 .
331 1455 612 1521 Mccctxxvrn.
632 1448 768 1515 num.
783 1448 864 1511 tvi.
884 1413 934 1513 δι
952 1408 1085 1547 seqq.
1237 1510 1242 1518 ,

474 1563 633 1661 Aurei
667 1555 765 1654 duo
797 1560 989 1692 priores
1018 1554 1206 1655 denarii
1225 1550 1492 1653 Aveniooe
1512 1548 1610 1653 cufi

332 1698 441 1800 sunt
461 1702 477 1795 :'
508 1709 559 1800 in
590 1696 802 1801 secundo
841 1691 1273 1835 pseudopontificis
1305 1696 1618 1833 gentilitium

331 1842 531 1969 stemma
546 1841 715 1944 vifitur
739 1839 909 1978 (quod
925 1848 978 1938 in
996 1842 1212 1940 nummis
1239 1874 1371 1937 nunc
1389 1845 1614 1977 primiani

254 2031 257 2037 ·
326 1995 584 2112 occurrit)
617 1984 675 2084 ad
690 1983 1052 2101 ostentandam,
1093 2010 1148 2083 ut
1166 1988 1381 2119 opinor,
1414 1994 1610 2121 paterni

299 2136 520 2266 ‘generis
560 2126 872 2230 nobilitatem
907 2166 924 2247 3
976 2125 1077 2263 ipse
1108 2131 1241 2225 enim
1274 2121 1606 2229 Gebennensrs

326 2274 544 2371 Comitis
558 2267 706 2369 frater
724 2297 855 2384 erat,
875 2299 928 2366 ut
945 2266 1129 2405 legitur
1145 2274 1199 2365 in
1212 2276 1373 2404 prima
1390 2267 1606 2393 ejusdem

329 2408 449 2509 Vita
479 2413 608 2548 apud
642 2408 901 2514 Baluzium
933 2408 1039 2509 Vit.
1054 2410 1168 2550 Pap.
1188 2411 1358 2511 Aven.
1391 2408 1537 2542 Tom.
1561 2452 1603 2514 ι.
1748 2518 1752 2524 ,

328 2550 444 2654 Col·
461 2590 733 2654 cccotxxxw.

467 2695 690 2798 Priorem
719 2694 863 2828 hujus
882 2699 1077 2797 nummi
1110 2723 1302 2834 partem
1333 2693 1612 2800 describens

325 2836 569 2940 Xaveriua
587 2839 739 2943 scitia
754 2848 809 2940 in
827 2839 1019 2939 Notitia
1036 2836 1253 2941 Monetae
1273 2837 1453 2939 Pontii.
1475 2841 1607 2943 itali-

326 2988 382 3078 ce
402 2978 674 3117 conscripta
704 3016 942 3120 fragment.
962 3050 981 3097 ,
1014 2976 1130 3080 eum
1148 2979 1276 3081 forte
1294 2992 1347 3081 in
1364 2982 1606 3086 detritum

323 3156 587 3224 nummum
606 3123 848 3224 incidiffet
860 3195 877 3242 ,
906 3122 954 3224 S.
974 3122 1173 3225 Petrum
1194 3122 1439 3225 sedentem
1461 3197 1478 3244 ,
1510 3126 1609 3228 ela·

294 3291 425 3387 *tam
453 3264 633 3369 habere
665 3265 724 3367 ad
754 3264 1144 3367 benedicendum
1196 3267 1454 3369 dexteram
1491 3264 1607 3370 scri·
1668 3354 1673 3362 .

321 3406 412 3539 psit
430 3447 447 3526 3
481 3446 569 3508 nos
606 3437 771 3508 autem
802 3417 1090 3548 integrum,
1125 3448 1179 3509 ac
1213 3407 1312 3511 fere
1339 3409 1604 3549 asperum„

323 3582 587 3649 nummum
617 3552 871 3671 vidimus,
905 3591 960 3652 ac
997 3553 1316 3659 tratiavimus
1349 3594 1366 3675 3
1408 3563 1461 3653 in
1498 3592 1598 3693 quo

321 3688 546 3792 S·Petrus
565 3692 765 3795 dextera
783 3694 994 3813 clavem,
1009 3700 1058 3800 δι
1077 3697 1183 3797 sane
1205 3705 1401 3825 majoris
1418 3768 1434 3814 ,
1451 3734 1602 3839 quam

235 3876 240 3886 ·
320 3869 441 3971 opus
459 3835 572 3941 effet
588 3834 808 3957 ,formam
827 3868 990 3957 tenet,
1014 3838 1192 3941 finistra
1221 3847 1341 3940 vero
1360 3840 1597 3942 volumen

322 3984 481 4111 gerit.
524 3980 869 4086 Unicaeclavis
904 3978 1172 4117 symbolo,
1202 3981 1598 4085 satistDomino

322 4119 554 4222 traditam
582 4122 722 4227 Divo
742 4127 888 4228 Petro
904 4128 1191 4266 potestatem
1225 4127 1474 4245 indicari,
1507 4164 1599 4267 pu-

321 4288 552 4361 taverunt
582 4299 805 4387 vererer,
835 4299 891 4371 ut
920 4269 1077 4369 afferit
1101 4267 1333 4369 Nicolaus
1354 4268 1597 4370 Aleman-

316 4439 410 4505 ,nus
429 4403 487 4506 de
505 4406 1164 4516 ParietinisLateranenstbus
1183 4447 1598 4552 cap.x.pag.rxxxv.

1029 4553 1070 4654 L
1111 4598 1135 4660 2
1441 4555 1602 4657 idem·
