<?xml version="1.0" encoding="UTF-8"?>
<!DOCTYPE html PUBLIC "-//W3C//DTD XHTML 1.0 Transitional//EN"
    "http://www.w3.org/TR/xhtml1/DTD/xhtml1-transitional.dtd">
<html xmlns="http://www.w3.org/1999/xhtml" xml:lang="en" lang="en">
 <head>
  <title>
</title>
<meta http-equiv="Content-Type" content="text/html;charset=utf-8" />
  <meta name='ocr-system' content='tesseract 3.04.00' />
  <meta name='ocr-capabilities' content='ocr_page ocr_carea ocr_par ocr_line ocrx_word'/>
</head>
<body>
  <div class='ocr_page' id='page_1' title='image "./antiquiromanoru00fiorgoog_0176.png"; bbox 0 0 4208 5536; ppageno 0'>
   <div class='ocr_carea' id='block_1_1' title="bbox 263 434 1590 2697">
    <p class='ocr_par' dir='ltr' id='par_1_1' title="bbox 263 434 1590 2697">
     <span class='ocr_line' id='line_1_1' title="bbox 548 434 1570 529; baseline -0.015 -9"><span class='ocrx_word' id='word_1_1' title='bbox 548 516 550 520; x_wconf 79' lang='grc'>,</span> <span class='ocrx_word' id='word_1_2' title='bbox 1471 434 1570 529; x_wconf 79' lang='lat'>127</span> 
     </span>
     <span class='ocr_line' id='line_1_2' title="bbox 263 536 1576 690; baseline -0.001 -38"><span class='ocrx_word' id='word_1_3' title='bbox 263 540 828 690; x_wconf 64' lang='lat' dir='ltr'>peditiooemrepe&#39;tere</span> <span class='ocrx_word' id='word_1_4' title='bbox 846 536 1576 685; x_wconf 79' lang='lat' dir='ltr'>aggressusest,initoquccum</span> 
     </span>
     <span class='ocr_line' id='line_1_3' title="bbox 283 682 1575 829; baseline 0.003 -36"><span class='ocrx_word' id='word_1_5' title='bbox 283 696 492 828; x_wconf 85' lang='lat' dir='ltr'>Venetis</span> <span class='ocrx_word' id='word_1_6' title='bbox 510 764 528 815; x_wconf 88' lang='lat'>,</span> <span class='ocrx_word' id='word_1_7' title='bbox 546 689 918 829; x_wconf 70' lang='lat' dir='ltr'>ate-Burgundios</span> <span class='ocrx_word' id='word_1_8' title='bbox 936 687 1082 793; x_wconf 88' lang='lat' dir='ltr'>Duce</span> <span class='ocrx_word' id='word_1_9' title='bbox 1098 758 1116 809; x_wconf 88' lang='lat'>,</span> <span class='ocrx_word' id='word_1_10' title='bbox 1137 682 1324 792; x_wconf 67' lang='lat' dir='ltr'>sedere</span> <span class='ocrx_word' id='word_1_11' title='bbox 1342 761 1361 810; x_wconf 89' lang='lat'>,</span> <span class='ocrx_word' id='word_1_12' title='bbox 1379 686 1575 797; x_wconf 86' lang='lat' dir='ltr'>bellum</span> 
     </span>
     <span class='ocr_line' id='line_1_4' title="bbox 286 830 1577 945; baseline 0.003 -9"><span class='ocrx_word' id='word_1_13' title='bbox 286 833 515 945; x_wconf 86' lang='lat' dir='ltr'>adversus</span> <span class='ocrx_word' id='word_1_14' title='bbox 532 839 812 937; x_wconf 87' lang='lat' dir='ltr'>teterrimos</span> <span class='ocrx_word' id='word_1_15' title='bbox 828 830 947 935; x_wconf 86' lang='lat' dir='ltr'>illos</span> <span class='ocrx_word' id='word_1_16' title='bbox 960 830 1238 937; x_wconf 77' lang='lat' dir='ltr'>Christiani</span> <span class='ocrx_word' id='word_1_17' title='bbox 1254 840 1474 939; x_wconf 88' lang='lat' dir='ltr'>nominis</span> <span class='ocrx_word' id='word_1_18' title='bbox 1487 837 1577 939; x_wconf 81' lang='lat' dir='ltr'>ho.</span> 
     </span>
     <span class='ocr_line' id='line_1_5' title="bbox 288 974 1575 1118; baseline -0.003 -33"><span class='ocrx_word' id='word_1_19' title='bbox 288 979 408 1101; x_wconf 88' lang='lat' dir='ltr'>sles,</span> <span class='ocrx_word' id='word_1_20' title='bbox 425 976 709 1082; x_wconf 87' lang='lat' dir='ltr'>solemniter</span> <span class='ocrx_word' id='word_1_21' title='bbox 726 976 1015 1117; x_wconf 83' lang='lat' dir='ltr'>evulgavit,</span> <span class='ocrx_word' id='word_1_22' title='bbox 1049 974 1291 1118; x_wconf 78' lang='lat' dir='ltr'>proposita</span> <span class='ocrx_word' id='word_1_23' title='bbox 1308 988 1459 1081; x_wconf 84' lang='lat' dir='ltr'>etiam</span> <span class='ocrx_word' id='word_1_24' title='bbox 1476 984 1575 1098; x_wconf 85' lang='lat' dir='ltr'>iis,</span> 
     </span>
     <span class='ocr_line' id='line_1_6' title="bbox 287 1120 1577 1264; baseline 0.002 -41"><span class='ocrx_word' id='word_1_25' title='bbox 287 1131 377 1264; x_wconf 89' lang='lat' dir='ltr'>qui</span> <span class='ocrx_word' id='word_1_26' title='bbox 395 1123 527 1226; x_wconf 82' lang='lat' dir='ltr'>ultro</span> <span class='ocrx_word' id='word_1_27' title='bbox 546 1122 686 1225; x_wconf 83' lang='lat' dir='ltr'>sacrae</span> <span class='ocrx_word' id='word_1_28' title='bbox 704 1123 823 1227; x_wconf 90' lang='lat' dir='ltr'>huic</span> <span class='ocrx_word' id='word_1_29' title='bbox 842 1121 1038 1223; x_wconf 80' lang='lat' dir='ltr'>militiae</span> <span class='ocrx_word' id='word_1_30' title='bbox 1060 1157 1242 1224; x_wconf 89' lang='lat' dir='ltr'>nomen</span> <span class='ocrx_word' id='word_1_31' title='bbox 1261 1121 1452 1242; x_wconf 86' lang='lat' dir='ltr'>darent,</span> <span class='ocrx_word' id='word_1_32' title='bbox 1469 1120 1577 1262; x_wconf 86' lang='lat' dir='ltr'>ple·</span> 
     </span>
     <span class='ocr_line' id='line_1_7' title="bbox 285 1262 1571 1405; baseline 0.002 -36"><span class='ocrx_word' id='word_1_33' title='bbox 285 1302 347 1369; x_wconf 87' lang='lat' dir='ltr'>na</span> <span class='ocrx_word' id='word_1_34' title='bbox 364 1305 610 1371; x_wconf 77' lang='lat' dir='ltr'>noxarum</span> <span class='ocrx_word' id='word_1_35' title='bbox 636 1276 815 1386; x_wconf 85' lang='lat' dir='ltr'>venia,</span> <span class='ocrx_word' id='word_1_36' title='bbox 848 1269 900 1370; x_wconf 78' lang='grc' dir='ltr'>δι</span> <span class='ocrx_word' id='word_1_37' title='bbox 919 1303 1046 1368; x_wconf 88' lang='lat' dir='ltr'>anno</span> <span class='ocrx_word' id='word_1_38' title='bbox 1065 1262 1286 1405; x_wconf 85' lang='lat' dir='ltr'><strong>sequenti</strong></span> <span class='ocrx_word' id='word_1_39' title='bbox 1306 1268 1571 1371; x_wconf 82' lang='lat' dir='ltr'><strong>Anconam</strong></span> 
     </span>
     <span class='ocr_line' id='line_1_8' title="bbox 287 1407 1590 1550; baseline 0.001 -40"><span class='ocrx_word' id='word_1_40' title='bbox 287 1410 536 1550; x_wconf 70' lang='lat' dir='ltr'>professus</span> <span class='ocrx_word' id='word_1_41' title='bbox 572 1411 636 1513; x_wconf 88' lang='lat' dir='ltr'>est</span> <span class='ocrx_word' id='word_1_42' title='bbox 671 1484 688 1532; x_wconf 92' lang='lat'><strong><em>,</em></strong></span> <span class='ocrx_word' id='word_1_43' title='bbox 737 1419 839 1550; x_wconf 79' lang='lat' dir='ltr'>quo</span> <span class='ocrx_word' id='word_1_44' title='bbox 888 1409 1144 1549; x_wconf 82' lang='lat' dir='ltr'>appulerat</span> <span class='ocrx_word' id='word_1_45' title='bbox 1176 1407 1590 1547; x_wconf 81' lang='lat' dir='ltr'>Christopltorus¹</span> 
     </span>
     <span class='ocr_line' id='line_1_9' title="bbox 289 1542 1574 1694; baseline -0.001 -38"><span class='ocrx_word' id='word_1_46' title='bbox 289 1552 496 1657; x_wconf 83' lang='lat' dir='ltr'>Maurus</span> <span class='ocrx_word' id='word_1_47' title='bbox 532 1591 648 1655; x_wconf 91' lang='lat' dir='ltr'>cum</span> <span class='ocrx_word' id='word_1_48' title='bbox 679 1558 874 1656; x_wconf 87' lang='lat' dir='ltr'>Veneta</span> <span class='ocrx_word' id='word_1_49' title='bbox 907 1553 1078 1675; x_wconf 80' lang='lat' dir='ltr'>classe3</span> <span class='ocrx_word' id='word_1_50' title='bbox 1112 1542 1291 1657; x_wconf 81' lang='lat' dir='ltr'>navim</span> <span class='ocrx_word' id='word_1_51' title='bbox 1309 1589 1425 1694; x_wconf 84' lang='lat' dir='ltr'>ergo</span> <span class='ocrx_word' id='word_1_52' title='bbox 1454 1588 1574 1655; x_wconf 88' lang='lat' dir='ltr'>cou-</span> 
     </span>
     <span class='ocr_line' id='line_1_10' title="bbox 289 1694 1573 1816; baseline -0.002 -17"><span class='ocrx_word' id='word_1_53' title='bbox 289 1696 526 1803; x_wconf 79' lang='lat' dir='ltr'>scendens</span> <span class='ocrx_word' id='word_1_54' title='bbox 546 1697 780 1801; x_wconf 83' lang='lat' dir='ltr'><strong>Pontifex</strong></span> <span class='ocrx_word' id='word_1_55' title='bbox 797 1735 960 1816; x_wconf 87' lang='lat' dir='ltr'>,mare</span> <span class='ocrx_word' id='word_1_56' title='bbox 980 1694 1338 1798; x_wconf 71' lang='lat' dir='ltr'>transmissurus</span> <span class='ocrx_word' id='word_1_57' title='bbox 1358 1727 1492 1816; x_wconf 83' lang='lat' dir='ltr'>erat,</span> <span class='ocrx_word' id='word_1_58' title='bbox 1512 1694 1573 1799; x_wconf 85' lang='lat' dir='ltr'>ad</span> 
     </span>
     <span class='ocr_line' id='line_1_11' title="bbox 290 1838 1575 1957; baseline 0.001 -16"><span class='ocrx_word' id='word_1_59' title='bbox 290 1838 606 1951; x_wconf 87' lang='lat' dir='ltr'>inserendum</span> <span class='ocrx_word' id='word_1_60' title='bbox 637 1842 860 1949; x_wconf 87' lang='lat' dir='ltr'>hostibus</span> <span class='ocrx_word' id='word_1_61' title='bbox 894 1852 948 1943; x_wconf 94' lang='lat' dir='ltr'>in</span> <span class='ocrx_word' id='word_1_62' title='bbox 977 1839 1182 1943; x_wconf 76' lang='lat' dir='ltr'>adversis</span> <span class='ocrx_word' id='word_1_63' title='bbox 1215 1849 1314 1941; x_wconf 87' lang='lat' dir='ltr'>oris</span> <span class='ocrx_word' id='word_1_64' title='bbox 1343 1838 1575 1957; x_wconf 81' lang='lat' dir='ltr'>bellum,</span> 
     </span>
     <span class='ocr_line' id='line_1_12' title="bbox 290 1984 1578 2124; baseline -0.001 -38"><span class='ocrx_word' id='word_1_65' title='bbox 290 2022 469 2093; x_wconf 84' lang='lat' dir='ltr'>verum</span> <span class='ocrx_word' id='word_1_66' title='bbox 486 1994 545 2086; x_wconf 90' lang='lat' dir='ltr'>in</span> <span class='ocrx_word' id='word_1_67' title='bbox 558 1985 727 2087; x_wconf 79' lang='lat' dir='ltr'>eadem</span> <span class='ocrx_word' id='word_1_68' title='bbox 748 1985 889 2090; x_wconf 88' lang='lat' dir='ltr'><strong>Urbe</strong></span> <span class='ocrx_word' id='word_1_69' title='bbox 901 1996 1043 2124; x_wconf 76' lang='lat' dir='ltr'>gravi</span> <span class='ocrx_word' id='word_1_70' title='bbox 1061 1985 1237 2089; x_wconf 89' lang='lat' dir='ltr'>morbo</span> <span class='ocrx_word' id='word_1_71' title='bbox 1252 1984 1578 2101; x_wconf 79' lang='lat' dir='ltr'>decumbens,</span> 
     </span>
     <span class='ocr_line' id='line_1_13' title="bbox 292 2129 1575 2267; baseline 0.002 -40"><span class='ocrx_word' id='word_1_72' title='bbox 292 2165 393 2267; x_wconf 91' lang='lat' dir='ltr'>quo</span> <span class='ocrx_word' id='word_1_73' title='bbox 421 2138 894 2232; x_wconf 85' lang='lat' dir='ltr'>tentatusinirinere</span> <span class='ocrx_word' id='word_1_74' title='bbox 912 2129 1103 2247; x_wconf 83' lang='lat' dir='ltr'>s&#39;uerat,</span> <span class='ocrx_word' id='word_1_75' title='bbox 1135 2136 1283 2230; x_wconf 85' lang='lat' dir='ltr'>evita</span> <span class='ocrx_word' id='word_1_76' title='bbox 1317 2135 1575 2266; x_wconf 85' lang='lat' dir='ltr'>migravit,</span> 
     </span>
     <span class='ocr_line' id='line_1_14' title="bbox 291 2270 1572 2410; baseline -0.002 -40"><span class='ocrx_word' id='word_1_77' title='bbox 291 2282 468 2398; x_wconf 85' lang='lat' dir='ltr'>majori</span> <span class='ocrx_word' id='word_1_78' title='bbox 483 2314 598 2374; x_wconf 90' lang='lat' dir='ltr'>cum</span> <span class='ocrx_word' id='word_1_79' title='bbox 615 2273 885 2373; x_wconf 85' lang='lat' dir='ltr'>Chrisliani</span> <span class='ocrx_word' id='word_1_80' title='bbox 903 2275 1077 2409; x_wconf 90' lang='lat' dir='ltr'>populi</span> <span class='ocrx_word' id='word_1_81' title='bbox 1095 2276 1295 2393; x_wconf 87' lang='lat' dir='ltr'>damno,</span> <span class='ocrx_word' id='word_1_82' title='bbox 1308 2309 1458 2410; x_wconf 87' lang='lat' dir='ltr'>quam</span> <span class='ocrx_word' id='word_1_83' title='bbox 1471 2270 1572 2374; x_wconf 84' lang='lat' dir='ltr'>suo:</span> 
     </span>
     <span class='ocr_line' id='line_1_15' title="bbox 293 2408 1575 2554; baseline -0.001 -41"><span class='ocrx_word' id='word_1_84' title='bbox 293 2408 481 2517; x_wconf 82' lang='lat' dir='ltr'>sacram</span> <span class='ocrx_word' id='word_1_85' title='bbox 509 2414 636 2517; x_wconf 88' lang='lat' dir='ltr'>hanc</span> <span class='ocrx_word' id='word_1_86' title='bbox 654 2417 1024 2553; x_wconf 80' lang='lat' dir='ltr'>expeditionem</span> <span class='ocrx_word' id='word_1_87' title='bbox 1043 2486 1061 2535; x_wconf 89' lang='lat'><strong>,</strong></span> <span class='ocrx_word' id='word_1_88' title='bbox 1097 2415 1412 2552; x_wconf 84' lang='lat' dir='ltr'>futuramque</span> <span class='ocrx_word' id='word_1_89' title='bbox 1431 2413 1575 2554; x_wconf 79' lang='lat' dir='ltr'>ipsius</span> 
     </span>
     <span class='ocr_line' id='line_1_16' title="bbox 294 2555 1581 2697; baseline -0.002 -42"><span class='ocrx_word' id='word_1_90' title='bbox 294 2566 695 2697; x_wconf 84' lang='lat' dir='ltr'>navigationem,</span> <span class='ocrx_word' id='word_1_91' title='bbox 726 2594 934 2660; x_wconf 87' lang='lat' dir='ltr'>nummo</span> <span class='ocrx_word' id='word_1_92' title='bbox 952 2567 1111 2661; x_wconf 80' lang='lat' dir='ltr'>notari</span> <span class='ocrx_word' id='word_1_93' title='bbox 1136 2555 1299 2662; x_wconf 92' lang='lat' dir='ltr'>voluit</span> <span class='ocrx_word' id='word_1_94' title='bbox 1315 2555 1581 2675; x_wconf 83' lang='lat' dir='ltr'>Pontifex,</span> 
     </span>
    </p>
   </div>
   <div class='ocr_carea' id='block_1_2' title="bbox 227 2697 1576 2840">
    <p class='ocr_par' dir='ltr' id='par_1_2' title="bbox 227 2697 1576 2840">
     <span class='ocr_line' id='line_1_17' title="bbox 227 2697 1576 2840; baseline 0.003 -42"><span class='ocrx_word' id='word_1_95' title='bbox 227 2804 229 2809; x_wconf 78' lang='lat'><em>.</em></span> <span class='ocrx_word' id='word_1_96' title='bbox 296 2701 670 2840; x_wconf 78' lang='lat' dir='ltr'>confiliumque·</span> <span class='ocrx_word' id='word_1_97' title='bbox 690 2698 853 2802; x_wconf 87' lang='lat' dir='ltr'>secum</span> <span class='ocrx_word' id='word_1_98' title='bbox 886 2711 939 2803; x_wconf 91' lang='lat' dir='ltr'>in</span> <span class='ocrx_word' id='word_1_99' title='bbox 965 2712 1081 2804; x_wconf 91' lang='lat' dir='ltr'>navi</span> <span class='ocrx_word' id='word_1_100' title='bbox 1114 2699 1365 2810; x_wconf 88' lang='lat' dir='ltr'>deserendi</span> <span class='ocrx_word' id='word_1_101' title='bbox 1382 2697 1576 2805; x_wconf 81' lang='lat' dir='ltr'>Christi</span> 
     </span>
    </p>
   </div>
   <div class='ocr_carea' id='block_1_3' title="bbox 295 2841 1677 4423">
    <p class='ocr_par' dir='ltr' id='par_1_3' title="bbox 295 2841 1631 3558">
     <span class='ocr_line' id='line_1_18' title="bbox 295 2841 1576 2986; baseline -0.001 -41"><span class='ocrx_word' id='word_1_102' title='bbox 295 2841 512 2947; x_wconf 89' lang='lat' dir='ltr'>Domini</span> <span class='ocrx_word' id='word_1_103' title='bbox 528 2847 726 2983; x_wconf 84' lang='lat' dir='ltr'>Corpus</span> <span class='ocrx_word' id='word_1_104' title='bbox 743 2869 765 2972; x_wconf 86' lang='lat'>(</span> <span class='ocrx_word' id='word_1_105' title='bbox 780 2856 852 2946; x_wconf 91' lang='lat' dir='ltr'>uri</span> <span class='ocrx_word' id='word_1_106' title='bbox 871 2882 981 2949; x_wconf 85' lang='lat' dir='ltr'>ante</span> <span class='ocrx_word' id='word_1_107' title='bbox 994 2846 1154 2986; x_wconf 89' lang='lat' dir='ltr'>ipsum</span> <span class='ocrx_word' id='word_1_108' title='bbox 1164 2843 1428 2949; x_wconf 86' lang='lat' dir='ltr'>Pontifices</span> <span class='ocrx_word' id='word_1_109' title='bbox 1444 2844 1576 2945; x_wconf 86' lang='lat' dir='ltr'>sum-</span> 
     </span>
     <span class='ocr_line' id='line_1_19' title="bbox 295 2985 1576 3129; baseline 0.003 -44"><span class='ocrx_word' id='word_1_110' title='bbox 295 3024 403 3088; x_wconf 89' lang='lat' dir='ltr'>mos</span> <span class='ocrx_word' id='word_1_111' title='bbox 438 2992 593 3090; x_wconf 80' lang='lat' dir='ltr'>s&#39;acere</span> <span class='ocrx_word' id='word_1_112' title='bbox 613 2985 909 3093; x_wconf 75' lang='lat' dir='ltr'>consuevisse</span> <span class='ocrx_word' id='word_1_113' title='bbox 927 2991 1251 3109; x_wconf 76' lang='lat' dir='ltr'>,dossislimus</span> <span class='ocrx_word' id='word_1_114' title='bbox 1271 2997 1351 3089; x_wconf 91' lang='lat' dir='ltr'>vir</span> <span class='ocrx_word' id='word_1_115' title='bbox 1383 2996 1576 3129; x_wconf 72' lang='lat' dir='ltr'>optime</span> 
     </span>
     <span class='ocr_line' id='line_1_20' title="bbox 295 3131 1578 3270; baseline 0.001 -40"><span class='ocrx_word' id='word_1_116' title='bbox 295 3145 535 3256; x_wconf 84' lang='lat' dir='ltr'>noverat)</span> <span class='ocrx_word' id='word_1_117' title='bbox 562 3131 819 3270; x_wconf 79' lang='lat' dir='ltr'>expressit.</span> <span class='ocrx_word' id='word_1_118' title='bbox 859 3134 911 3234; x_wconf 88' lang='lat' dir='ltr'>Si</span> <span class='ocrx_word' id='word_1_119' title='bbox 929 3168 1160 3234; x_wconf 86' lang='lat' dir='ltr'>nummus</span> <span class='ocrx_word' id='word_1_120' title='bbox 1178 3131 1264 3235; x_wconf 88' lang='lat' dir='ltr'>hic</span> <span class='ocrx_word' id='word_1_121' title='bbox 1291 3131 1449 3235; x_wconf 87' lang='lat' dir='ltr'>noster</span> <span class='ocrx_word' id='word_1_122' title='bbox 1466 3134 1578 3233; x_wconf 84' lang='lat' dir='ltr'>An-</span> 
     </span>
     <span class='ocr_line' id='line_1_21' title="bbox 296 3271 1578 3413; baseline 0 -38"><span class='ocrx_word' id='word_1_123' title='bbox 296 3271 409 3409; x_wconf 74' lang='lat' dir='ltr'>gelo</span> <span class='ocrx_word' id='word_1_124' title='bbox 429 3274 644 3378; x_wconf 85' lang='lat' dir='ltr'>Rocchae</span> <span class='ocrx_word' id='word_1_125' title='bbox 664 3276 1015 3392; x_wconf 74' lang='lat' dir='ltr'>‚eruditissimo</span> <span class='ocrx_word' id='word_1_126' title='bbox 1030 3281 1296 3413; x_wconf 83' lang='lat' dir='ltr'>caeteroqui</span> <span class='ocrx_word' id='word_1_127' title='bbox 1321 3284 1468 3394; x_wconf 89' lang='lat' dir='ltr'>viro,</span> <span class='ocrx_word' id='word_1_128' title='bbox 1499 3281 1578 3375; x_wconf 91' lang='lat' dir='ltr'>in·</span> 
     </span>
     <span class='ocr_line' id='line_1_22' title="bbox 296 3417 1631 3558; baseline -0.001 -44"><span class='ocrx_word' id='word_1_129' title='bbox 296 3420 526 3520; x_wconf 86' lang='lat' dir='ltr'>notuisset</span> <span class='ocrx_word' id='word_1_130' title='bbox 546 3490 562 3535; x_wconf 91' lang='lat'>,</span> <span class='ocrx_word' id='word_1_131' title='bbox 596 3427 683 3554; x_wconf 91' lang='lat' dir='ltr'>qui</span> <span class='ocrx_word' id='word_1_132' title='bbox 702 3418 890 3520; x_wconf 88' lang='lat' dir='ltr'>librum</span> <span class='ocrx_word' id='word_1_133' title='bbox 908 3419 1192 3558; x_wconf 73' lang='lat' dir='ltr'>conscripsit</span> <span class='ocrx_word' id='word_1_134' title='bbox 1228 3420 1282 3519; x_wconf 82' lang='lat' dir='ltr'>de</span> <span class='ocrx_word' id='word_1_135' title='bbox 1301 3417 1581 3556; x_wconf 76' lang='lat' dir='ltr'>Sacrofirnssos</span> <span class='ocrx_word' id='word_1_136' title='bbox 1629 3510 1631 3513; x_wconf 79' lang='grc'><strong>,</strong></span> 
     </span>
    </p>

    <p class='ocr_par' dir='ltr' id='par_1_4' title="bbox 299 3558 1611 3701">
     <span class='ocr_line' id='line_1_23' title="bbox 299 3558 1611 3701; baseline 0.002 -42"><span class='ocrx_word' id='word_1_137' title='bbox 299 3558 474 3659; x_wconf 80' lang='lat' dir='ltr'>Chrrsli</span> <span class='ocrx_word' id='word_1_138' title='bbox 509 3564 696 3696; x_wconf 80' lang='lat' dir='ltr'>Corpore</span> <span class='ocrx_word' id='word_1_139' title='bbox 724 3563 1290 3701; x_wconf 74' lang='lat' dir='ltr'>dRomanisPonrificibrrr</span> <span class='ocrx_word' id='word_1_140' title='bbox 1320 3572 1414 3665; x_wconf 79' lang='lat' dir='ltr'>iter</span> <span class='ocrx_word' id='word_1_141' title='bbox 1446 3562 1611 3694; x_wconf 52' lang='lat' dir='ltr'>confi*—</span> 
     </span>
    </p>

    <p class='ocr_par' dir='ltr' id='par_1_5' title="bbox 295 3700 1677 4423">
     <span class='ocr_line' id='line_1_24' title="bbox 297 3700 1677 3840; baseline -0.001 -36"><span class='ocrx_word' id='word_1_142' title='bbox 297 3702 516 3804; x_wconf 80' lang='lat' dir='ltr'>sieutrbus</span> <span class='ocrx_word' id='word_1_143' title='bbox 549 3700 870 3840; x_wconf 74' lang='lat' dir='ltr'>preferendo,</span> <span class='ocrx_word' id='word_1_144' title='bbox 919 3746 1021 3808; x_wconf 91' lang='lat' dir='ltr'>non</span> <span class='ocrx_word' id='word_1_145' title='bbox 1054 3704 1310 3807; x_wconf 81' lang='lat' dir='ltr'>asseruisset</span> <span class='ocrx_word' id='word_1_146' title='bbox 1347 3704 1579 3823; x_wconf 84' lang='lat' dir='ltr'>sortasse,</span> <span class='ocrx_word' id='word_1_147' title='bbox 1666 3712 1677 3725; x_wconf 68' lang='grc'><strong>“</strong></span> 
     </span>
     <span class='ocr_line' id='line_1_25' title="bbox 295 3849 1584 3987; baseline 0.002 -40"><span class='ocrx_word' id='word_1_148' title='bbox 295 3882 502 3985; x_wconf 85' lang='lat' dir='ltr'>operum</span> <span class='ocrx_word' id='word_1_149' title='bbox 517 3849 716 3953; x_wconf 83' lang='lat' dir='ltr'>Tounr.</span> <span class='ocrx_word' id='word_1_150' title='bbox 739 3884 933 3987; x_wconf 74' lang='lat' dir='ltr'>pag-49·</span> <span class='ocrx_word' id='word_1_151' title='bbox 952 3851 1270 3953; x_wconf 74' lang='lat' dir='ltr'>Clementem</span> <span class='ocrx_word' id='word_1_152' title='bbox 1287 3850 1436 3969; x_wconf 83' lang='lat' dir='ltr'><strong>VIL,</strong></span> <span class='ocrx_word' id='word_1_153' title='bbox 1456 3850 1584 3949; x_wconf 62' lang='lat' dir='ltr'>dum*</span> 
     </span>
     <span class='ocr_line' id='line_1_26' title="bbox 297 3988 1581 4134; baseline 0.005 -46"><span class='ocrx_word' id='word_1_154' title='bbox 297 3998 324 4088; x_wconf 73' lang='lat' dir='ltr'>e</span> <span class='ocrx_word' id='word_1_155' title='bbox 355 3989 579 4131; x_wconf 86' lang='lat' dir='ltr'>Liburno</span> <span class='ocrx_word' id='word_1_156' title='bbox 609 3988 870 4094; x_wconf 79' lang='lat' dir='ltr'>Massiliam</span> <span class='ocrx_word' id='word_1_157' title='bbox 911 4027 1136 4134; x_wconf 86' lang='lat' dir='ltr'>peteret,</span> <span class='ocrx_word' id='word_1_158' title='bbox 1169 3994 1230 4094; x_wconf 85' lang='lat' dir='ltr'>ad</span> <span class='ocrx_word' id='word_1_159' title='bbox 1265 3993 1581 4131; x_wconf 84' lang='lat' dir='ltr'>colloquium·</span> 
     </span>
     <span class='ocr_line' id='line_1_27' title="bbox 299 4133 1576 4276; baseline 0.005 -47"><span class='ocrx_word' id='word_1_160' title='bbox 299 4166 416 4230; x_wconf 89' lang='lat' dir='ltr'>cum</span> <span class='ocrx_word' id='word_1_161' title='bbox 454 4133 704 4239; x_wconf 78' lang='lat' dir='ltr'>Francis&#39;co</span> <span class='ocrx_word' id='word_1_162' title='bbox 725 4137 864 4276; x_wconf 85' lang='lat' dir='ltr'>Rege</span> <span class='ocrx_word' id='word_1_163' title='bbox 899 4138 1215 4255; x_wconf 89' lang='lat' dir='ltr'>habendum,</span> <span class='ocrx_word' id='word_1_164' title='bbox 1252 4145 1306 4238; x_wconf 91' lang='lat' dir='ltr'>in</span> <span class='ocrx_word' id='word_1_165' title='bbox 1322 4137 1576 4256; x_wconf 87' lang='lat' dir='ltr'>Ttiremi,</span> 
     </span>
     <span class='ocr_line' id='line_1_28' title="bbox 298 4279 1577 4423; baseline 0.007 -51"><span class='ocrx_word' id='word_1_166' title='bbox 298 4307 407 4411; x_wconf 84' lang='lat' dir='ltr'>quae</span> <span class='ocrx_word' id='word_1_167' title='bbox 423 4279 583 4414; x_wconf 88' lang='lat' dir='ltr'>ipsum</span> <span class='ocrx_word' id='word_1_168' title='bbox 603 4283 796 4383; x_wconf 76' lang='lat' dir='ltr'>vessum</span> <span class='ocrx_word' id='word_1_169' title='bbox 822 4282 1113 4423; x_wconf 86' lang='lat' dir='ltr'>sequebatur</span> <span class='ocrx_word' id='word_1_170' title='bbox 1141 4318 1204 4382; x_wconf 81' lang='lat' dir='ltr'>ex</span> <span class='ocrx_word' id='word_1_171' title='bbox 1225 4279 1367 4383; x_wconf 68' lang='lat' dir='ltr'>Blasii</span> <span class='ocrx_word' id='word_1_172' title='bbox 1397 4283 1458 4384; x_wconf 87' lang='lat' dir='ltr'>de</span> <span class='ocrx_word' id='word_1_173' title='bbox 1473 4281 1577 4386; x_wconf 88' lang='lat' dir='ltr'>Ce-</span> 
     </span>
    </p>
   </div>
   <div class='ocr_carea' id='block_1_4' title="bbox 296 4413 1579 4669">
    <p class='ocr_par' dir='ltr' id='par_1_6' title="bbox 296 4413 1579 4669">
     <span class='ocr_line' id='line_1_29' title="bbox 296 4413 1579 4669; baseline 0.001 -148"><span class='ocrx_word' id='word_1_174' title='bbox 296 4413 408 4523; x_wconf 85' lang='lat' dir='ltr'>sena</span> <span class='ocrx_word' id='word_1_175' title='bbox 425 4420 595 4535; x_wconf 76' lang='lat' dir='ltr'>diariis</span> <span class='ocrx_word' id='word_1_176' title='bbox 610 4428 1095 4577; x_wconf 49' lang='lat' dir='ltr'>Coeremonialibum</span> <span class='ocrx_word' id='word_1_177' title='bbox 1111 4426 1469 4537; x_wconf 65' lang='lat' dir='ltr'>sanissimum</span> <span class='ocrx_word' id='word_1_178' title='bbox 1480 4426 1579 4669; x_wconf 55' lang='lat' dir='ltr'>fiu-</span> 
     </span>
     <span class='ocr_line' id='line_1_30' title="bbox 1456 4605 1575 4667; baseline 0 0"><span class='ocrx_word' id='word_1_179' title='bbox 1456 4606 1483 4667; x_wconf 88' lang='lat' dir='ltr'>e</span> <span class='ocrx_word' id='word_1_180' title='bbox 1525 4605 1575 4667; x_wconf 84' lang='lat' dir='ltr'>a·</span> 
     </span>
    </p>
   </div>
   <div class='ocr_carea' id='block_1_5' title="bbox 0 0 2125 5536">
    <p class='ocr_par' dir='ltr' id='par_1_7' title="bbox 0 0 2125 5536">
     <span class='ocr_line' id='line_1_31' title="bbox 0 0 2125 5536; baseline 0 0"><span class='ocrx_word' id='word_1_181' title='bbox 0 0 2125 5536; x_wconf 95' lang='lat' dir='ltr'> </span> 
     </span>
    </p>
   </div>
  </div>
 </body>
</html>
