1033 1383
751 100 785 126 79'

146 141 204 158 eum
209 130 321 166 Johanna
331 131 422 158 Siciliae
432 132 494 158 citra
500 131 608 158 Pharum
616 131 725 166 Regina,
734 131 787 158 Re-

146 170 190 203 gni
200 177 254 193 eam
260 170 315 200 jure
322 169 446 203 privavit,
459 168 527 202 quod
537 167 659 193 transtulit
669 170 695 193 in
705 167 786 193 Caro-

146 204 201 230 lum
209 203 402 237 Dyrrachinum
417 203 561 238 Principem
570 222 579 234 ‚
594 206 639 239 qui
648 213 677 229 eo
692 205 786 239 potitus

147 240 180 265 est
188 258 194 265 .
214 239 347 274 Neapolim
366 239 485 266 Urbanus
500 239 623 274 profefflms
634 258 643 270 ‚
658 239 697 265 bis
706 238 737 265 ab
748 241 788 264 in-

146 282 218 310 grato
224 275 340 310 Principe
351 277 376 301 in
383 275 490 301 custodia
499 275 612 301 detentus
621 293 629 305 ,
647 275 724 309 postea
732 274 788 300 Nu-

147 313 218 336 ceriae
226 310 331 336 obsessus
340 329 349 341 ,
363 311 505 338 Raimundo
513 311 605 337 Baucio
613 310 704 338 Urfiuo
712 319 788 345 opem

147 347 240 374 ferente
247 365 256 376 ‚
274 347 376 372 demum
385 347 458 372 evafit
467 365 477 377 ,
491 345 668 382 conscensaque
675 346 788 380 Januenfi

148 382 259 409 Triremi
268 400 278 412 ,
291 383 394 416 Jauuam
403 382 500 418 appulit
509 401 518 413 ‚
525 383 624 409 ,deinde
631 383 725 408 Lucam
736 400 744 412 ,
763 383 789 408 δε
808 397 815 399 e

151 418 278 444 Perufium
287 418 309 444 se
317 418 434 448 contulit,
442 428 469 444 ac
480 419 602 453 postremi:
609 419 718 446 Romam
726 436 734 448 ,
743 418 787 444 ubi

148 454 215 514 gbiit
223 453 381 488 pontificatus
393 454 431 481 sui
444 454 577 481 infeliciter
586 455 633 480 affl
643 472 652 485 ,
671 463 734 480 anno
744 455 788 479 im-

166 498 246 517 ecimo
253 508 260 515 .

238 530 255 541 ,κ
281 529 300 535 .-

221 696 224 706 ι

220 775 346 801 Nummus
354 774 417 801 forte
426 776 497 801 cusus
504 775 647 811 Apostolica
656 775 731 806 Sede,
740 775 793 810 post

151 810 252 838 Urbani
271 812 301 836 V.
327 810 426 836 obitum
443 829 451 842 ,
481 820 585 837 vacante
610 820 673 837 anno
697 811 793 837 Christi

152 856 256 872 ncchxx.
276 847 357 871 l'arvae
371 847 452 872 claves
469 847 596 873 decuffatae
613 858 661 873 sme
675 857 777 872 νΑεΑΝτε
785 864 794 876 ,

151 884 178 907 in
187 891 240 907 area
249 881 327 907 Mitra
336 891 393 907 cum
403 882 499 918 triplici
509 893 601 909 corona
608 900 618 913 ‚
627 882 792 918 pendentibus

152 926 223 943 vittis
235 936 241 942 .

222 954 250 982 »Β
260 963 355 979 §mc-rus
369 963 448 980 prmus
456 973 463 980 .
482 954 511 980 In
520 954 603 980 medio
610 955 683 980 Crux
691 972 700 984 ,
715 953 744 978 ad
753 962 796 979 cu-

148 991 188 1022 jus
202 990 251 1015 duo
267 989 341 1015 latera
357 989 422 1016 binae
431 1000 513 1026 parvae
521 991 602 1016 claves
612 1008 621 1021 ,
630 990 660 1015 ad
672 990 728 1019 alia,
736 989 791 1015 duae

141 1034 235 1061 <parvoe
244 1027 325 1051 mitrae
335 1044 342 1051 .
425 1029 427 1031 '

224 1062 345 1087 xaverius
363 1062 438 1088 Scilla
447 1080 455 1093 ,
473 1064 501 1088 in
515 1062 581 1088 libro
593 1062 676 1088 italica
690 1061 796 1097 lingua...

151 1095 295 1132 conscripto
303 1114 312 1128 ,
321 1107 397 1133 quem
402 1099 481 1126 edidit
490 1107 549 1124 cum
558 1099 606 1125 hoc
614 1098 688 1124 titulo
697 1107 703 1123 t
715 1098 795 1124 Breve

755 1143 793 1161 ne-
