4208 5536
1461 457 1519 521 ar
1528 456 1567 546 9

275 598 509 669 moanuurs
543 596 589 659 nr
623 601 853 667 noruoanu
886 595 1105 663 sunsrmuu
1132 595 1304 661 amrxrr.
1337 600 1564 665 rononn.

281 709 438 845 Supra
457 703 611 805 Canis
628 706 812 811 cubans
834 698 988 803 facem
1004 739 1089 803 ore
1106 730 1267 806 tenet.

422 884 620 947 coenum
643 884 870 947 ruonrnn
884 883 1219 951 FRUMENTARIAE·
1241 846 1286 949 S.
1305 841 1567 944 Petronius
1656 843 1663 857 ’

281 987 551 1129 episcopali
565 987 740 1088 habitu
757 987 958 1086 indutus
976 1054 992 1100 ‚
1023 986 1224 1087 dextera
1240 1022 1443 1122 parvam
1461 984 1567 1089 Ur·

282 1131 359 1233 bis
381 1135 646 1266 imaginem
660 1158 824 1249 tenet,
839 1125 1015 1226 sinistra
1033 1128 1218 1266 pedum
1232 1127 1466 1269 pastorale
1481 1199 1499 1247 ,
1515 1135 1567 1233 δε
1619 1170 1621 1175 ·

281 1271 664 1375 infra-Civitatis
690 1269 906 1410 insigne.

426 1415 625 1545 Summa
640 1409 841 1552 frugum
859 1417 1090 1551 penuria,
1123 1452 1178 1525 ac
1207 1410 1425 1515 inufirata
1444 1415 1565 1511 aeris

285 1552 638 1674 inclementia,
670 1554 943 1694 pestilentes
958 1553 1158 1655 morbos
1184 1564 1422 1694 pariente,
1439 1552 1569 1655 affli-

284 1697 415 1797 iiam
432 1693 566 1797 fuisse
585 1695 921 1801 Italiamanno
945 1702 1092 1821 1528.
1111 1697 1305 1800 testatur
1327 1699 1495 1797 Surius
1513 1704 1568 1797 in

288 1841 576 1941 Commenn
595 1875 705 1979 pag.
729 1860 876 1960 163„
904 1874 992 1939 nec
1015 1870 1271 1976 expertem
1302 1838 1448 1965 hujus
1471 1873 1569 1935 ma·

284 1986 435 2087 ximae
468 1980 766 2085 ealann'tatis
796 1981 1075 2085 Bononiam
1105 1978 1242 2085 suiffe
1267 1982 1454 2120 scripsit
1482 1980 1570 2079 Vi·

286 2129 456 2222 zanius
473 2121 597 2225 Hiib
617 2122 806 2229 Bonon·
825 2124 918 2225 iib
940 2160 1016 2227 ιο.
1037 2160 1148 2263 pag.
1165 2163 1279 2251 540.
1310 2127 1570 2228 Proxima·

288 2299 386 2399 que
406 2263 536 2382 loca,
573 2271 704 2368 inter
771 2305 841 2366 uae
860 2263 1095 2380 Mutina,
1130 2274 1205 2365 nti
1233 2270 1414 2404 legitur
1437 2262 1573 2401 apud
1626 2266 1630 2271 ’

287 2404 595 2505 Vedrianum
634 2413 686 2505 in
716 2304 839 2508 dist.
860 2405 1004 2511 Tam.
1030 2442 1074 2502 a,
1093 2405 1183 2505 lib.
1211 2416 1287 2505 18.
1320 2440 1432 2545 tpag.
1451 2439 1569 2533 510,

285 2542 416 2648 Lues
435 2574 599 2645 aurem
616 2543 1015 2686 sequentianno,
1042 2541 1228 2683 hyeme
1244 2550 1569 2663 adveniente,

285 2683 545 2789 mitescere
553 2686 1058 2807 ‚acdemumeeffare
1071 2687 1177 2791 uisa
1192 2686 1394 2812 ess‚sed
1410 2691 1572 2787 erevit

284 2827 530 2933 frumenti
541 2843 719 2949 caritas
730 2903 750 2954 ‚
776 2831 914 2970 qnod
931 2839 1365 2937 evincitnummus
1375 2900 1396 2950 ,
1417 2861 1575 2966 quem

289 2970 624 3090 exhibemus,
639 3008 848 3073 nnusex
865 2983 927 3070 iis
943 3041 966 3089 „
991 2981 1080 3104 qui
1095 2973 1300 3073 conflari
1316 2983 1371 3072 in
1389 3005 1569 3105 egeno·

291 3145 409 3231 rum
439 3109 700 3213 subsidium
715 3109 848 3214 fuere
853 3180 880 3231 ,
907 3144 971 3209 ex
983 3120 1226 3248 argenteis
1242 3114 1290 3217 ,Τ
1294 3111 1575 3245 emplorum

290 3251 504 3354 donariis
521 3254 824 3357 Deodicatis
840 3325 861 3371 ¹,
890 3288 946 3353 ac
966 3263 1210 3393 praecipue
1229 3252 1446 3370 exiliis,
1463 3288 1574 3388 quae

287 3400 346 3495 in
379 3392 503 3495 sacra
522 3393 1030 3534 AEdeReiigiosorum
1059 3393 1324 3501 hominum
1351 3432 1419 3499 ex
1440 3395 1575 3499 Divi
1647 3444 1653 3457 ·

290 3534 553 3647 Dominici
572 3536 797 3641 instituto
813 3534 1173 3643 asservabantur
1187 3606 1210 3657 ,
1231 3538 1368 3675 quod
1384 3537 1573 3635 indicat

293 3677 521 3816 impressa
542 3680 741 3779 denario
758 3681 909 3785 Canis
928 3687 1113 3817 imago,
1131 3676 1287 3785 facem
1301 3716 1386 3781 ore
1404 3705 1575 3789 tenen·

297 3826 395 3941 tis,
422 3819 634 3953 ejusdem
651 3821 858 3925 Ordinis
876 3821 959 3923 infi
965 3858 1063 3960 gne
1076 3846 1291 3944 3⁴verum
1304 3820 1373 3925 ob
1389 3853 1573 3923 novam

293 3963 546 4099 copiosam
568 3961 765 4067 meffem
779 4037 801 4084 ,
822 3965 1113 4102 illatamque
1144 3961 1340 4065 exaliis
1359 3965 1578 4097 regioni-

298 4100 393 4202 bus
409 4143 647 4208 annonam
665 4178 682 4225 ‚
700 4106 879 4208 desiisse
890 4108 1019 4207 hanc
1036 4107 1341 4209 cibariorum
1358 4102 1578 4242 inopiam
1628 4136 1632 4143 ·

297 4279 500 4380 apparet
514 4320 533 4367 ,
547 4286 660 4349 cum
679 4250 848 4349 eodem
866 4284 993 4379 anno
1004 4319 1023 4366 ,
1038 4247 1187 4386 paulo
1198 4279 1315 4350 ante
1335 4246 1576 4350 Kalendas

296 4385 632 4510 Novembres,
643 4391 876 4496 Clemens
893 4390 1004 4497 vll.
1017 4425 1126 4490 eam
1144 4398 1199 4493 in
1218 4389 1416 4507 Urbem
1430 4387 1579 4488 adve-

718 4588 725 4597 ·
998 4533 1084 4632 Ee
1124 4570 1150 4631 a
1349 4622 1352 4626 .
1435 4533 1584 4646 nerit,
