4208 5536
1475 444 1575 522 not

298 692 313 723 ⁶
437 753 515 812 rso
540 751 580 810 x.
611 744 882 812 nostruin.
911 702 1164 810 Pontificis
1179 700 1415 821 stemma,
1441 702 1577 838 quod
1626 688 1634 707 ⁸

298 856 548 991 utrimque
566 852 752 955 Leones
771 849 990 952 salientes
1010 846 1306 949 substentant
1326 914 1340 940 .

435 1032 632 1097 scottus
661 1037 731 1094 nn.
763 1035 795 1094 s.
811 1029 1007 1095 nasutius.
1058 988 1285 1092 Christus
1322 987 1573 1091 Dominus

296 1131 548 1276 resurgens
570 1206 586 1256 ‚
604 1135 806 1239 dextera
823 1132 1104 1247 benedicit,
1127 1129 1305 1231 sinistra
1323 1127 1574 1231 vexillum

292 1307 446 1398 tenet,
465 1276 524 1380 ad
535 1278 796 1381 dexterum
810 1277 935 1378 latus
955 1269 1139 1412 insigne
1156 1272 1424 1389 Ravennae,
1444 1307 1571 1370 crux

294 1419 517 1538 scilicet,
546 1420 605 1519 ad
639 1417 880 1522 finistrum
906 1416 1106 1518 stemma
1122 1415 1432 1553 gentilitium
1451 1411 1586 1517 Can.

298 1560 474 1664 dinalis
493 1559 692 1664 Nicolai
708 1560 854 1666 Prisci
873 1632 885 1657 .

452 1701 754 1805 Percelebris
788 1706 1041 1806 Ravennae
1077 1706 1305 1836 princeps
1338 1696 1578 1816 Ecclesia,

292 1843 538 1946 Salvatori
572 1844 798 1948 Domino
832 1856 857 1947 ὲ
889 1851 1096 1947 mortuis
1119 1840 1387 1977 resurgenti
1417 1844 1579 1940 dicata

290 1982 404 2105 suit,
419 2022 567 2126 quam
584 2024 643 2087 eo
660 2019 901 2123 tempore,
924 2021 1022 2125 quo
1041 1981 1285 2085 inferioris
1301 1990 1394 2086 aevi
1412 1981 1579 2084 Graeci

287 2124 618 2267 Imperatores
639 2168 691 2229 ea
707 2128 854 2233 Urbe
877 2126 1216 2265 potiebantur,
1228 2162 1315 2263 per
1334 2123 1584 2227 excellen-

286 2279 408 2371 tiam
435 2278 594 2411 graece
618 2272 739 2411 Agia
755 2269 1026 2409 Auusiustr,
1060 2265 1215 2385 idest,
1236 2266 1393 2368 Sanua
1411 2269 1582 2404 Restar-

288 2412 424 2517 reuio
441 2410 801 2551 appellabatur,
817 2420 889 2511 uti
907 2411 1069 2548 legere
1087 2406 1151 2508 est
1168 2407 1296 2546 apud
1314 2409 1571 2541 Hierony·

287 2588 428 2652 mum
460 2553 672 2655 Fabrum
704 2562 758 2654 in
788 2548 935 2653 sacris
956 2553 1207 2654 Ravennae
1234 2559 1567 2652 monumentis

286 2724 464 2836 parnt.
484 2733 644 2839 pago.
663 2697 877 2816 Verum,
898 2730 999 2796 non
1013 2692 1165 2796 modo
1182 2692 1242 2793 ad
1258 2691 1385 2795 hanc
1405 2690 1575 2829 Herse-j
1681 2734 1684 2740 ·
1825 2836 1829 2845 ι

285 2832 1567 2979 siamrespexiise,inhocnummosignandoputamus

285 2979 607 3083 Cardinalem
625 2976 860 3098 Pliscum,
882 2987 971 3117 qui
988 2989 1018 3082 ὲ
1035 2979 1198 3079 Leone
1216 2978 1283 3078 X.
1301 2977 1574 3116 Archiepi·

282 3114 504 3258 scopatur
521 3117 734 3244 ejusdem
751 3118 910 3222 Urbis
929 3114 1314 3237 decoratussuit,
1331 3117 1576 3220 sedetiam

287 3263 346 3363 ad
362 3301 434 3384 ea,
456 3300 565 3401 quae
578 3260 807 3364 Pontifici
822 3287 1113 3379 evenerant,
1132 3297 1249 3363 cum
1268 3267 1422 3378 enim,
1441 3259 1575 3363 sacro

279 3408 390 3541 ipso
404 3388 657 3507 Paschatis
672 3403 785 3522 die,
817 3410 871 3504 in
891 3439 1056 3542 pugna
1087 3404 1148 3504 ad
1167 3404 1458 3506 Ravennam
1477 3475 1494 3521 ,
1516 3430 1573 3506 ut

283 3543 425 3687 supra
453 3547 815 3665 indicavimus,
848 3574 1018 3683 captus
1058 3543 1118 3646 ab
1134 3544 1352 3646 hostibus
1374 3544 1572 3665 fuisset,

285 3685 649 3828 sequentianno
667 3686 992 3789 anniversario
1010 3758 1027 3806 ,
1049 3712 1104 3785 ut
1120 3694 1285 3824 inquit
1302 3687 1572 3788 Panvinius

282 3836 334 3931 in
351 3828 563 3957 ejusdem
575 3829 757 3931 Leonis
775 3837 879 3931 vita
897 3826 1140 3970 postPlat.
1160 3866 1270 3967 pag.
1291 3838 1406 3950 278.
1429 3833 1572 3929 cladis

278 3969 573 4075 Ravennatis
607 3972 681 4070 die
712 3969 1128 4112 magnificentiffima
1157 4003 1374 4110 apparatu
1388 3990 1413 4090 ,'
1432 4007 1571 4076 totu,

288 4112 417 4218 Urbe
428 4118 575 4217 aulaeis
589 4110 1146 4255 ,&scsiivisfi⁴oudibus,
1159 4114 1419 4257 arcubusque
1437 4153 1569 4216 orua-

281 4253 588 4396 tu,Bastlicum
604 4255 964 4393 Luteruuensem,
978 4264 1138 4355 vereri
1155 4258 1416 4395 Pontificum
1431 4260 1573 4360 insli-

284 4428 401 4518 tuto,
417 4398 672 4535 visttavit.

995 4489 1113 4646 CC·
1274 4551 1282 4557 ’
1453 4544 1571 4647 XV.
