4208 5536
1459 444 1556 521 m

276 588 366 696 per
379 548 672 663 numismata
690 558 708 676 ξ
726 560 842 654 cum'
860 570 951 673 ,ut
965 549 1218 672 vidimuss
1242 546 1395 690 ionge
1413 557 1555 691 prius

279 700 364 801 hie
382 736 491 802 mos
510 697 811 799 invaluerit.
881 814 883 818 v

426 841 507 944 SS.
528 842 877 982 Apostolorum
913 839 1082 960 Petri,
1112 839 1334 945 &Pauli
1364 846 1564 981 capita,

282 1021 390 1124 quae
409 993 462 1086 in
481 986 678 1089 denario
696 1020 835 1091 uum.
852 983 916 1084 V.
951 982 1177 1089 visuntur
1195 1056 1213 1103 ,
1245 989 1297 1095 ἃ
1311 1022 1441 1101 nuuc
1462 994 1566 1127 pri·

281 1166 453 1250 mum,
481 1129 599 1233 licet
630 1124 938 1270 postmodum
969 1137 1022 1232 in
1049 1130 1280 1269 pluribus
1293 1129 1399 1239 aliis
1420 1166 1571 1239 nunu·

283 1279 380 1375 mis
398 1274 519 1377 cuiis
536 1274 599 1377 ab
613 1281 673 1381 iis
693 1343 713 1394 ,
730 1281 821 1412 qui
834 1272 938 1409 post
954 1274 1230 1412 Eugenium
1250 1271 1385 1379 suere
1400 1345 1417 1391 ,
1434 1271 1573 1379 Pou-v

173 1456 176 1463 ·
285 1416 504 1521 tificibus
524 1455 576 1519 ea
593 1416 811 1556 expreffa
832 1413 953 1534 sint,
971 1448 1235 1555 apparent,
1253 1419 1571 1521 indicatevi-

286 1561 462 1663 dentur
481 1560 739 1681 ,denarios
755 1556 900 1663 hosce
932 1556 1172 1699 percussos
1195 1559 1330 1669 fuisse
1364 1558 1466 1698 post
1485 1599 1569 1661 an·

142 1828 146 1835 Ι
286 1741 409 1804 oum
432 1710 562 1830 1438
578 1744 594 1825 ;
613 1741 743 1843 quo,
761 1701 1200 1809 duoLateranenfis
1217 1702 1433 1811 Baulicae
1448 1701 1571 1807 Cie-

288 1853 383 1946 rici
400 1845 715 1984 expoliavere
730 1854 903 1975 majori
917 1883 1230 1986 gemmarum
1246 1848 1465 1987 partessd
1484 1853 1573 1951 tria

287 1999 426 2130 ginta
457 1988 675 2091 millium
690 2026 949 2093 aureorum
978 1990 1343 2097 aestimationem
1361 2062 1380 2113 ,
1398 2026 1571 2128 argen-

289 2162 388 2236 teas
418 2132 616 2255 thecas,
646 2137 828 2274 quibus
860 2131 986 2237 sacra
1013 2134 1368 2272 Apostolorum
1400 2136 1573 2252 Petri,

290 2280 343 2385 dc
378 2275 518 2380 Pauli
545 2288 705 2418 capita
740 2277 1093 2379 includuntur.
1131 2277 1266 2383 Cum
1298 2272 1575 2381 enimiuis-

290 2416 395 2521 seut
422 2423 568 2559 paulo
588 2425 690 2562 poti
705 2419 927 2558 sacrilegi
941 2417 1093 2541 iures,
1111 2421 1291 2523 ultimo
1308 2419 1571 2558 supplicio,

291 2567 506 2701 impium
522 2561 708 2668 facinus
724 2637 742 2684 ,
753 2600 961 2703 gemmae
980 2599 1184 2704 repestae
1200 2565 1470 2704 ,quaelibet
1486 2560 1572 2669 suo
1592 2648 1595 2652 -

291 2705 431 2825 loco,
463 2710 591 2810 unde
616 2705 997 2812 ablataefuerant
1015 2782 1033 2829 ,
1066 2708 1280 2853 repositae
1318 2706 1425 2811 sunt
1442 2782 1459 2828 ,
1496 2716 1573 2811 io·

188 2924 195 2935 .
293 2850 421 2951 dista
437 2861 571 2988 prius
592 2850 797 2956 solemni
815 2851 1204 2994 supplicatione,
1236 2852 1573 2990 instrudioque

292 2995 465 3093 ordine
498 2998 878 3134 procedentibus
909 2996 1236 3136 Magistratu,
1270 3035 1322 3097 ac
1351 2994 1571 3103 Civibus
1663 3038 1666 3042 ·

293 3134 566 3240 Romanis:
587 3141 970 3281 Adijoi'ephum
983 3140 1198 3243 Mariam
1216 3136 1493 3257 Soreiinum
1513 3138 1576 3239 de

296 3279 565 3420 Capitibus
619 3286 700 3393 SS.
736 3286 1092 3421 Apostolorum
1127 3284 1302 3401 Petri,
1350 3285 1400 3387 δι
1430 3282 1570 3385 Pauli

296 3456 407 3560 pag·
427 3459 507 3549 53.
542 3464 607 3527 ex
623 3434 875 3533 veteribus
890 3427 1227 3570 Scriptoribus
1257 3422 1401 3531 fustus
1428 3464 1575 3531 rem-2

302 3568 704 3705 prolequentem.

759 3782 1127 3887 ·v1.·

438 3994 498 4098 In
514 4033 645 4139 gyro
674 3997 805 4103 biuae
824 3993 1254 4119 elavesdecuffatae
1269 4033 1388 4103 cum
1400 3989 1577 4101 inseri·
1662 3998 1669 4011 “

297 4143 468 4276 ptione
486 4184 584 4247 suo·
604 4186 665 4247 eu.
683 4186 793 4269 Qus.
833 4145 889 4243 ln
906 4158 1012 4247 a'reo
1026 4151 1147 4245 vero
1174 4182 1216 4245 u.
1237 4180 1282 4243 T.
1303 4183 1345 4247 v.
1362 4182 1398 4245 s.
1411 4142 1572 4247 literis

296 4288 351 4383 iu
367 4289 526 4385 crucis
547 4282 752 4393 sormam
773 4281 1046 4422 dispofitis.

438 4422 575 4531 Binoe
602 4432 763 4538 claves
790 4430 1042 4543 decussatae
1074 4466 1190 4533 cum
1208 4424 1479 4571 epigraphe
1504 4463 1573 4529 uu

1493 4601 1578 4665 su·
1750 4616 1752 4619 ·
