4208 5536
1496 482 1559 553 ro
1683 550 1686 555 ,

325 598 464 746 speri
497 598 556 700 ad
574 586 801 703 Cornelii
828 593 992 698 sorum
1006 592 1255 736 pugnasset
1265 611 1284 716 ,‘
1319 621 1488 697 tamen
1511 488 1599 696 ars·³

322 784 388 853 no
410 777 538 873 1435
559 751 717 861 ,inita
734 777 849 842 cum
866 736 1105 876 Philippo
1123 732 1286 841 Maria
1302 737 1602 855 concordia3

324 883 683 993 Bononiensem
719 884 893 987 urbem
935 892 988 983 in
1021 881 1278 983 Pontificis
1318 880 1607 1020 potestatem

326 1032 573 1148 reduxit,
618 1038 692 1130 uti
724 1059 887 1132 narrat
920 1026 1181 1160 Pompeius
1213 1026 1450 1127 Vizanius
1487 1023 1601 1127 hist?

329 1174 516 1279 Borion.
537 1170 680 1273 libo.
700 1208 811 1313 pag.
819 1176 935 1298 338.
957 1200 1101 1311 atque
1116 1206 1174 1271 eo
1190 1196 1414 1309 tempore
1433 1164 1607 1272 cusum

7 1310 9 1391 Ὺ
165 1380 177 1393 ,
330 1318 585 1421 denarium
601 1347 865 1456 putamus.

941 1457 1007 1559 V.

427 1704 430 1711 ,
473 1602 754 1716 *Panormus
780 1640 841 1701 nr.
861 1636 1092 1722 Qrmrusi
1129 1597 1452 1703 Pontificiurn
1468 1600 1612 1722 stems

333 1784 413 1857 rna
429 1784 543 1850 cum
558 1746 704 1848 Tiara
723 1746 975 1883 pontificia
992 1740 1225 1881 desuper,
1241 1748 1292 1848 δι
1310 1744 1530 1847 clavibus
1550 1817 1562 1840 .

476 1888 533 2000 ᾧ
547 1927 676 1987 nour.
697 1924 728 1984 s.
748 1926 911 1989 erotus
927 1923 959 1983 s.
974 1925 1156 1988 neruus.
1183 1886 1453 2026 Utriusque
1469 1888 1614 2027 Apo·

334 2032 446 2137 stoli
479 2033 658 2166 Capita
703 2028 798 2126 sese
836 2061 1009 2131 mutuo
1058 2030 1400 2170 respicientia.
1440 2030 1613 2132 Petrus

336 2176 591 2279 dexteram
610 2243 627 2289 ,
645 2170 821 2270 Paulus
839 2173 1071 2274 finistram
1090 2207 1299 2314 occupat
1316 2244 1331 2272 .
1442 2274 1445 2283 ,
1582 2270 1585 2277 ,

477 2316 764 2417 insecundo
796 2354 1006 2414 nummo
1024 2323 1223 2417 Senatus
1245 2344 1262 2435 ,'
1297 2312 1614 2452 populique:

335 2456 555 2562 Romani
590 2492 768 2556 nomen
787 2456 1002 2594 legitur3
1039 2492 1168 2575 tanta
1187 2468 1323 2559 enim
1342 2456 1548 2595 Eugenii
1564 2460 1619 2558 in

340 2607 687 2716 veneratione,
721 2608 769 2703 u
789 2610 943 2735 gracia
974 2605 1100 2739 apud
1122 2600 1399 2703 Romanam
1420 2630 1620 2738 gentem

200 2859 205 2867 ‚
336 2736 475 2861 fuit,
511 2774 564 2843 ut
594 2781 708 2844 cum
732 2746 1019 2844 Ursinorum
1055 2744 1224 2866 suasu,
1261 2740 1620 2851 Columnenses

336 2878 549 2989 Matrini
573 2888 632 2985 V.
661 2924 724 2987 ex
758 2884 903 2988 fratre
920 2924 1121 3027 nepotes
1143 2884 1417 3023 persecutus
1438 2882 1616 3005 suisset,

342 3056 577 3163 tanquam
599 3032 884 3167 peculatus,
918 3064 969 3134 ut
990 3038 1279 3170 putabatur,
1311 3066 1414 3131 reos
1430 3101 1448 3148 ,
1476 3060 1622 3165 atque

255 3180 260 3189 ’
341 3171 398 3273 hi
434 3204 668 3309 occupata
703 3179 871 3312 Appia
903 3176 1047 3279 Porta
1076 3213 1188 3274 cum
1220 3207 1408 3276 armato
1426 3172 1588 3272 milite
1606 3241 1624 3290 ,

343 3316 544 3427 Urbem
588 3317 780 3455 ingressi
814 3317 1040 3438 fuiffent,
1074 3330 1227 3449 major
1263 3322 1472 3424 Civium
1509 3349 1621 3455 pars

342 3459 614 3593 pontificiis
637 3466 791 3595 copiis
811 3457 855 3561 se
874 3462 1115 3561 addiderit
1133 3533 1153 3580 ,
1197 3466 1248 3565 dc
1265 3456 1621 3566 Columnenses

347 3596 493 3707 Urbe
527 3598 764 3700 excedere
792 3618 1042 3740 coegerim
1073 3612 1251 3709 verum
1274 3606 1435 3743 ¹postea
1470 3604 1625 3702 iidem
1733 3664 1741 3673 ›

343 3740 498 3844 Cives
517 3814 531 3857 ‚
551 3737 715 3879 aspero
729 3742 973 3845 Francisci
987 3746 1335 3848 Condusmerii
1350 3746 1627 3849 Cardinalis

344 3881 552 4019 Eugenii
590 3895 780 4020 nepotis
811 3890 1033 4025 responso
1055 3898 1321 4011 concitati,
1345 3893 1464 4009 dum
1484 3889 1543 3989 de
1563 3889 1630 3989 il-

344 4022 456 4125 latis
475 4029 723 4131 aNicolao
745 4030 1019 4150 Piccinino,
1037 4036 1321 4135 Romanum
1340 4071 1513 4174 agrum
1542 4069 1630 4133 va·

347 4164 529 4287 stante,
558 4178 761 4300 injuriir,
787 4175 1009 4311 questum
1039 4179 1311 4298 venissent,
1343 4176 1396 4280 in
1416 4177 1630 4277 furorem

348 4309 472 4408 versi
492 4383 509 4429 ,
528 4314 820 4419 Pontificem
842 4318 984 4425 Urbe
1010 4321 1340 4460 expulerunt,
1375 4327 1425 4426 δι
1443 4352 1632 4421 novum

344 4445 713 4596 Magistratum,
727 4471 814 4603 qui
832 4464 992 4571 eidem
1008 4456 1260 4613 praeesset,¹
1276 4501 1539 4584 creavere,
1555 4473 1628 4564 uti

1552 4636 1628 4707 te·
1752 4609 1755 4613 ’
