4208 5536
349 445 572 569 ,98

1133 577 1174 682 1.

648 760 773 826 Jonas
803 756 1018 824 wensinus
1046 756 1252 825 renerus.
1292 719 1528 861 Jobannes
1548 723 1793 870 Vigestmus

517 874 712 967 tertius.
733 866 878 969 Tiara
899 862 1057 964 tribus
1078 873 1274 965 coronis
1293 865 1523 968 redimita
1541 905 1657 969 cum
1675 907 1795 1009 pen·

515 1008 744 1109 dentibus
772 1014 954 1127 teniis,
991 1002 1356 1144 superimposrta
1375 1005 1617 1111 stemmati
1633 1020 1795 1148 genti-

514 1149 653 1267 litio,
687 1158 737 1249 in
768 1159 902 1272 cujus
932 1179 1066 1285 parte
1086 1145 1332 1288 superiore
1350 1186 1503 1269 areae,
1534 1152 1598 1254 est
1628 1161 1795 1291 imago

518 1292 742 1394 humanae
786 1292 1069 1391 coxendicis
1106 1363 1122 1408 ,
1164 1299 1217 1391 in
1249 1289 1473 1393 inferiori
1508 1323 1606 1394 tres
1639 1292 1796 1396 fasciae

515 1432 820 1536 transversam
839 1434 994 1534 dutiae
1013 1506 1030 1551 ,
1048 1470 1101 1531 ac
1121 1431 1307 1535 limbus
1326 1435 1581 1537 dentatus.

657 1615 676 1675 s
719 1615 875 1678 narnus
906 1611 1179 1677 aaosronas.
1216 1575 1261 1678 S.
1297 1577 1465 1677 Petrus
1496 1579 1617 1679 stans
1645 1648 1662 1697 ,
1710 1581 1799 1713 qui

518 1718 720 1822 dextera
739 1718 932 1821 clavem
949 1718 1313 1821 eretiamtenet
1334 1792 1351 1841 ,
1386 1718 1563 1820 sinistra
1579 1720 1798 1822 librum.

656 2041 779 2108 Jonas
805 2045 865 2104 an.
900 2041 1115 2106 vratsrnns
1148 2043 1209 2104 111.
1258 2004 1475 2106 Stemma
1503 2000 1766 2105 Pontificis
1783 2073 1805 2123 ,

523 2145 737 2287 utsupra
758 2219 773 2263 ,
795 2145 873 2247 sed
894 2148 1037 2251 Tiara
1055 2146 1285 2284 grandior
1303 2146 1397 2246 est.
1765 2172 1768 2183 ’

660 2291 895 2401 ›Irsnnrns
913 2326 1098 2406 nerana,
1134 2328 1188 2390 nr
1205 2323 1398 2389 PAULUS·
1440 2288 1499 2389 In
1517 2288 1681 2390 medio
1698 2289 1806 2393 duae

522 2429 684 2532 claves
718 2429 970 2531 decuffatae
987 2502 1004 2547 ,
1037 2435 1088 2534 ἃ
1125 2431 1370 2565 alligatae3
1405 2428 1597 2570 signum
1645 2431 1809 2553 illud,

519 2572 652 2708 quod
668 2646 689 2693 ,
723 2606 805 2673 aut
844 2568 1172 2712 septenariam
1208 2609 1506 2697 numerum,
1551 2605 1633 2674 aut
1671 2575 1807 2676 litte·

522 2754 627 2818 ram
648 2719 694 2819 V
712 2713 858 2817 refert
878 2786 895 2833 ,
927 2723 1190 2817 monetarii
1209 2715 1397 2855 fignum
1413 2719 1691 2857 putandum
1711 2715 1805 2818 est.

663 2858 958 2961 Praenobiiis
984 2858 1262 2962 Coffiorum
1292 2857 1480 2964 familia
1513 2898 1577 2963 ex
1608 2857 1804 2959 AEnaria

522 2997 685 3103 Insula
700 3036 869 3105 ortum
884 3002 1065 3119 duxit,
1084 3009 1157 3105 uti
1175 3002 1371 3105 testatur
1383 3002 1713 3145 genealogicae
1735 3009 1805 3102 rei

521 3146 834 3280 peritiffimus
865 3145 1031 3281 Scipio
1048 3152 1356 3249 Ammiratus
1388 3157 1602 3286 inopere
1637 3145 1805 3245 italice

520 3286 705 3425 scripto
734 3290 793 3387 de
810 3284 1061 3387 nobilibus
1082 3285 1281 3387 familiis
1299 3290 1463 3427 Regni
1483 3288 1807 3422 Neapolitani

521 3428 668 3533 Tom.
682 3467 721 3525 1.
744 3442 885 3565 paga
896 3465 938 3552 3.
962 3430 1208 3560 Qaamvis
1226 3461 1387 3531 autern
1405 3469 1502 3533 non
1520 3429 1773 3533 defuerint
1789 3503 1807 3550 ,

521 3582 607 3710 qui
636 3572 864 3673 adulandi
892 3569 1047 3672 studio
1075 3572 1306 3709 abrepti,
1333 3570 1548 3706 ejusdem
1568 3613 1720 3715 genus
1742 3609 1807 3675 ex

523 3718 812 3854 penitiffrma
845 3722 1139 3847 antiquitate
1155 3714 1473 3835 arcesserent,
1504 3721 1567 3821 ab
1583 3722 1652 3816 A.
1676 3717 1805 3814 Cor·

522 3859 657 3960 nelio
674 3856 820 3960 Coffo
838 3927 855 3976 ,
872 3855 1095 3977 scilicet,
1123 3865 1212 3999 qui
1229 3868 1393 3999 opima
1412 3858 1563 3999 spolia
1579 3859 1637 3954 de
1659 3853 1809 3956 Laer-
1944 3966 1948 3973 ⁴

525 4031 574 4100 te
608 4000 881 4104 Tolumnio
893 4000 1165 4104 Veientum
1201 4002 1342 4144 Rege
1371 4008 1542 4104 retulit
1558 4060 1592 4119 ,·
1612 4038 1668 4099 ac
1694 3998 1811 4133 Jovi

523 4143 743 4247 Feretrio
759 4144 946 4246 dicavit
964 4148 1171 4252 A.V.C.
1195 4183 1300 4273 294
1320 4217 1336 4264 ,
1366 4151 1439 4245 uti
1457 4146 1586 4283 apud
1604 4143 1810 4244 Livium

520 4285 610 4387 lib.
625 4307 671 4386 6.
717 4286 826 4390 Hoc
860 4318 1023 4392 tamen
1059 4300 1208 4429 quim
1249 4285 1521 4390 ridiculum
1548 4285 1603 4387 stt
1625 4358 1640 4406 ,
1665 4321 1811 4388 nemo

514 4465 619 4535 non
638 4432 803 4534 videt.
843 4431 976 4537 Illud
994 4472 1111 4540 vero
1127 4438 1282 4574 magia
1312 4432 1469 4539 simile
1485 4425 1808 4678 poterantsaf·

1729 4604 1804 4676 er·
