<?xml version="1.0" encoding="UTF-8"?>
<!DOCTYPE html PUBLIC "-//W3C//DTD XHTML 1.0 Transitional//EN"
    "http://www.w3.org/TR/xhtml1/DTD/xhtml1-transitional.dtd">
<html xmlns="http://www.w3.org/1999/xhtml" xml:lang="en" lang="en">
 <head>
  <title>
</title>
<meta http-equiv="Content-Type" content="text/html;charset=utf-8" />
  <meta name='ocr-system' content='tesseract 3.04.00' />
  <meta name='ocr-capabilities' content='ocr_page ocr_carea ocr_par ocr_line ocrx_word'/>
</head>
<body>
  <div class='ocr_page' id='page_1' title='image "./antiquiromanoru00fiorgoog_0260.png"; bbox 0 0 4208 5536; ppageno 0'>
   <div class='ocr_carea' id='block_1_1' title="bbox 271 474 1707 2564">
    <p class='ocr_par' dir='ltr' id='par_1_1' title="bbox 271 474 1707 2564">
     <span class='ocr_line' id='line_1_1' title="bbox 1471 474 1564 565; baseline 0.065 -6"><span class='ocrx_word' id='word_1_1' title='bbox 1471 474 1564 565; x_wconf 79' lang='lat'>193</span> 
     </span>
     <span class='ocr_line' id='line_1_2' title="bbox 271 577 1566 724; baseline -0.002 -42"><span class='ocrx_word' id='word_1_2' title='bbox 271 587 417 724; x_wconf 76' lang='lat' dir='ltr'>&#39;giouis</span> <span class='ocrx_word' id='word_1_3' title='bbox 434 586 534 723; x_wconf 63' lang='lat' dir='ltr'>erg&#39;o</span> <span class='ocrx_word' id='word_1_4' title='bbox 547 577 1018 718; x_wconf 61' lang='lat' dir='ltr'>proficiscijuffitmbi,</span> <span class='ocrx_word' id='word_1_5' title='bbox 1037 584 1186 721; x_wconf 73' lang='lat' dir='ltr'>magne</span> <span class='ocrx_word' id='word_1_6' title='bbox 1206 585 1344 679; x_wconf 80' lang='lat' dir='ltr'>totius</span> <span class='ocrx_word' id='word_1_7' title='bbox 1359 580 1566 683; x_wconf 80' lang='lat' dir='ltr'>Romane</span> 
     </span>
     <span class='ocr_line' id='line_1_3' title="bbox 275 723 1570 864; baseline -0.004 -37"><span class='ocrx_word' id='word_1_8' title='bbox 275 724 469 863; x_wconf 79' lang='lat' dir='ltr'>Ecclestae</span> <span class='ocrx_word' id='word_1_9' title='bbox 482 725 644 864; x_wconf 80' lang='lat' dir='ltr'>gaudio</span> <span class='ocrx_word' id='word_1_10' title='bbox 669 733 872 860; x_wconf 80' lang='lat' dir='ltr'><em>excepti,</em></span> <span class='ocrx_word' id='word_1_11' title='bbox 901 723 1123 862; x_wconf 78' lang='lat' dir='ltr'><em>(augebat</em></span> <span class='ocrx_word' id='word_1_12' title='bbox 1142 725 1345 839; x_wconf 75' lang='lat' dir='ltr'>letitiam</span> <span class='ocrx_word' id='word_1_13' title='bbox 1362 724 1455 857; x_wconf 72' lang='lat' dir='ltr'>ipfir</span> <span class='ocrx_word' id='word_1_14' title='bbox 1474 724 1570 822; x_wconf 84' lang='lat' dir='ltr'>lon·</span> 
     </span>
     <span class='ocr_line' id='line_1_4' title="bbox 275 860 1568 1005; baseline 0 -42"><span class='ocrx_word' id='word_1_15' title='bbox 275 874 507 1005; x_wconf 79' lang='lat' dir='ltr'>ginquitas</span> <span class='ocrx_word' id='word_1_16' title='bbox 525 866 781 1002; x_wconf 71' lang='lat' dir='ltr'>&gt;firmanum</span> <span class='ocrx_word' id='word_1_17' title='bbox 811 876 861 964; x_wconf 85' lang='lat' dir='ltr'>in</span> <span class='ocrx_word' id='word_1_18' title='bbox 884 860 1044 963; x_wconf 81' lang='lat' dir='ltr'>Terris</span> <span class='ocrx_word' id='word_1_19' title='bbox 1063 868 1155 966; x_wconf 88' lang='lat' dir='ltr'>Dei</span> <span class='ocrx_word' id='word_1_20' title='bbox 1181 864 1409 965; x_wconf 57' lang='lat' dir='ltr'>Vicinum</span> <span class='ocrx_word' id='word_1_21' title='bbox 1431 865 1568 963; x_wconf 86' lang='lat' dir='ltr'>Chri·</span> 
     </span>
     <span class='ocr_line' id='line_1_5' title="bbox 278 1005 1707 1143; baseline -0.001 -36"><span class='ocrx_word' id='word_1_22' title='bbox 278 1008 423 1107; x_wconf 65' lang='lat' dir='ltr'>iliano</span> <span class='ocrx_word' id='word_1_23' title='bbox 452 1019 549 1107; x_wconf 78' lang='lat' dir='ltr'>ritu</span> <span class='ocrx_word' id='word_1_24' title='bbox 582 1018 798 1110; x_wconf 80' lang='lat' dir='ltr'>venerari</span> <span class='ocrx_word' id='word_1_25' title='bbox 822 1010 960 1143; x_wconf 76' lang='lat' dir='ltr'>furat.</span> <span class='ocrx_word' id='word_1_26' title='bbox 998 1006 1091 1105; x_wconf 88' lang='lat' dir='ltr'>Sed</span> <span class='ocrx_word' id='word_1_27' title='bbox 1114 1008 1220 1106; x_wconf 84' lang='lat' dir='ltr'>haec</span> <span class='ocrx_word' id='word_1_28' title='bbox 1241 1005 1569 1138; x_wconf 84' lang='lat' dir='ltr'>extremoJu·</span> <span class='ocrx_word' id='word_1_29' title='bbox 1704 1054 1707 1061; x_wconf 59' lang='grc'><em>’</em></span> 
     </span>
     <span class='ocr_line' id='line_1_6' title="bbox 280 1146 1566 1288; baseline 0 -41"><span class='ocrx_word' id='word_1_30' title='bbox 280 1149 336 1249; x_wconf 89' lang='lat' dir='ltr'>lii</span> <span class='ocrx_word' id='word_1_31' title='bbox 357 1147 421 1247; x_wconf 89' lang='grc' dir='ltr'>ΙΙ.</span> <span class='ocrx_word' id='word_1_32' title='bbox 441 1158 558 1249; x_wconf 84' lang='lat' dir='ltr'>vitae</span> <span class='ocrx_word' id='word_1_33' title='bbox 579 1161 802 1288; x_wconf 79' lang='lat' dir='ltr'>&#39;tempore</span> <span class='ocrx_word' id='word_1_34' title='bbox 822 1183 1027 1250; x_wconf 86' lang='lat' dir='ltr'>evenere</span> <span class='ocrx_word' id='word_1_35' title='bbox 1046 1187 1063 1269; x_wconf 83' lang='lat'>3</span> <span class='ocrx_word' id='word_1_36' title='bbox 1093 1147 1152 1247; x_wconf 87' lang='lat' dir='ltr'>ad</span> <span class='ocrx_word' id='word_1_37' title='bbox 1171 1146 1386 1247; x_wconf 88' lang='lat' dir='ltr'>Leonem</span> <span class='ocrx_word' id='word_1_38' title='bbox 1404 1179 1566 1247; x_wconf 87' lang='lat' dir='ltr'>autem</span> 
     </span>
     <span class='ocr_line' id='line_1_7' title="bbox 275 1284 1568 1429; baseline 0 -38"><span class='ocrx_word' id='word_1_39' title='bbox 275 1289 621 1393; x_wconf 78' lang='lat' dir='ltr'>descendamus</span> <span class='ocrx_word' id='word_1_40' title='bbox 640 1330 655 1411; x_wconf 84' lang='lat'><em>3</em></span> <span class='ocrx_word' id='word_1_41' title='bbox 685 1301 852 1429; x_wconf 88' lang='lat' dir='ltr'>primo</span> <span class='ocrx_word' id='word_1_42' title='bbox 870 1284 1082 1419; x_wconf 83' lang='lat' dir='ltr'>ejusdem</span> <span class='ocrx_word' id='word_1_43' title='bbox 1101 1287 1418 1391; x_wconf 86' lang='lat' dir='ltr'>Pontificatus</span> <span class='ocrx_word' id='word_1_44' title='bbox 1440 1329 1568 1391; x_wconf 85' lang='lat' dir='ltr'>anno</span> 
     </span>
     <span class='ocr_line' id='line_1_8' title="bbox 279 1430 1566 1569; baseline 0 -36"><span class='ocrx_word' id='word_1_45' title='bbox 279 1433 341 1536; x_wconf 90' lang='lat' dir='ltr'>ab</span> <span class='ocrx_word' id='word_1_46' title='bbox 375 1435 547 1533; x_wconf 87' lang='lat' dir='ltr'>endem</span> <span class='ocrx_word' id='word_1_47' title='bbox 567 1434 705 1569; x_wconf 86' lang='lat' dir='ltr'>Rege</span> <span class='ocrx_word' id='word_1_48' title='bbox 733 1430 996 1536; x_wconf 87' lang='lat' dir='ltr'>Emauuele</span> <span class='ocrx_word' id='word_1_49' title='bbox 1015 1431 1250 1533; x_wconf 82' lang='lat' dir='ltr'>Oratores</span> <span class='ocrx_word' id='word_1_50' title='bbox 1280 1430 1403 1531; x_wconf 83' lang='lat' dir='ltr'>millr</span> <span class='ocrx_word' id='word_1_51' title='bbox 1421 1430 1529 1533; x_wconf 88' lang='lat' dir='ltr'>lunt</span> <span class='ocrx_word' id='word_1_52' title='bbox 1550 1507 1566 1550; x_wconf 85' lang='lat'>,</span> 
     </span>
     <span class='ocr_line' id='line_1_9' title="bbox 277 1570 1568 1714; baseline 0.001 -39"><span class='ocrx_word' id='word_1_53' title='bbox 277 1574 566 1714; x_wconf 82' lang='lat' dir='ltr'>ampliffima</span> <span class='ocrx_word' id='word_1_54' title='bbox 587 1573 742 1694; x_wconf 84' lang='lat' dir='ltr'>duna,</span> <span class='ocrx_word' id='word_1_55' title='bbox 776 1606 907 1677; x_wconf 85' lang='lat' dir='ltr'>certa</span> <span class='ocrx_word' id='word_1_56' title='bbox 927 1570 1113 1675; x_wconf 74' lang='lat' dir='ltr'>subaili</span> <span class='ocrx_word' id='word_1_57' title='bbox 1134 1575 1356 1676; x_wconf 85' lang='lat' dir='ltr'><strong>Orientis</strong></span> <span class='ocrx_word' id='word_1_58' title='bbox 1389 1610 1568 1676; x_wconf 89' lang='lat' dir='ltr'>monu-</span> 
     </span>
     <span class='ocr_line' id='line_1_10' title="bbox 279 1713 1566 1860; baseline 0.002 -43"><span class='ocrx_word' id='word_1_59' title='bbox 279 1746 477 1835; x_wconf 79' lang='lat' dir='ltr'>menta,</span> <span class='ocrx_word' id='word_1_60' title='bbox 504 1718 758 1834; x_wconf 71' lang='lat' dir='ltr'>ferentes,</span> <span class='ocrx_word' id='word_1_61' title='bbox 791 1713 1027 1856; x_wconf 85' lang='lat' dir='ltr'>pretiosas</span> <span class='ocrx_word' id='word_1_62' title='bbox 1046 1715 1197 1817; x_wconf 84' lang='lat' dir='ltr'>lucras</span> <span class='ocrx_word' id='word_1_63' title='bbox 1216 1717 1399 1837; x_wconf 86' lang='lat' dir='ltr'>vestes,</span> <span class='ocrx_word' id='word_1_64' title='bbox 1428 1756 1566 1860; x_wconf 83' lang='lat' dir='ltr'>gem·</span> 
     </span>
     <span class='ocr_line' id='line_1_11' title="bbox 277 1857 1566 1999; baseline 0.002 -41"><span class='ocrx_word' id='word_1_65' title='bbox 277 1867 395 1977; x_wconf 88' lang='lat' dir='ltr'>mis,</span> <span class='ocrx_word' id='word_1_66' title='bbox 414 1857 788 1995; x_wconf 65' lang='lat' dir='ltr'>margarieilque</span> <span class='ocrx_word' id='word_1_67' title='bbox 807 1890 1093 1976; x_wconf 81' lang='lat' dir='ltr'>exornatas,</span> <span class='ocrx_word' id='word_1_68' title='bbox 1110 1860 1323 1999; x_wconf 85' lang='lat' dir='ltr'>&amp;longo</span> <span class='ocrx_word' id='word_1_69' title='bbox 1344 1890 1566 1999; x_wconf 84' lang='lat' dir='ltr'>tempore</span> 
     </span>
     <span class='ocr_line' id='line_1_12' title="bbox 278 1999 1569 2139; baseline 0.002 -40"><span class='ocrx_word' id='word_1_70' title='bbox 278 2038 379 2099; x_wconf 89' lang='lat' dir='ltr'>non</span> <span class='ocrx_word' id='word_1_71' title='bbox 396 1999 521 2101; x_wconf 84' lang='lat' dir='ltr'>visas</span> <span class='ocrx_word' id='word_1_72' title='bbox 545 1999 730 2101; x_wconf 85' lang='lat' dir='ltr'>belluas</span> <span class='ocrx_word' id='word_1_73' title='bbox 750 1999 1117 2139; x_wconf 64' lang='lat' dir='ltr'>,elephantem</span> <span class='ocrx_word' id='word_1_74' title='bbox 1136 2002 1328 2103; x_wconf 90' lang='lat' dir='ltr'>leonem</span> <span class='ocrx_word' id='word_1_75' title='bbox 1347 2073 1364 2120; x_wconf 91' lang='lat'><strong>,</strong></span> <span class='ocrx_word' id='word_1_76' title='bbox 1384 2009 1434 2110; x_wconf 75' lang='lat' dir='ltr'>dc</span> <span class='ocrx_word' id='word_1_77' title='bbox 1450 2007 1569 2139; x_wconf 85' lang='lat' dir='ltr'>lyn-</span> 
     </span>
     <span class='ocr_line' id='line_1_13' title="bbox 276 2139 1569 2280; baseline 0.002 -39"><span class='ocrx_word' id='word_1_78' title='bbox 276 2180 385 2242; x_wconf 88' lang='lat' dir='ltr'>cem</span> <span class='ocrx_word' id='word_1_79' title='bbox 401 2214 420 2260; x_wconf 89' lang='lat'>,</span> <span class='ocrx_word' id='word_1_80' title='bbox 458 2143 787 2280; x_wconf 86' lang='lat' dir='ltr'>quamobrem</span> <span class='ocrx_word' id='word_1_81' title='bbox 824 2145 883 2243; x_wconf 87' lang='lat' dir='ltr'>ad</span> <span class='ocrx_word' id='word_1_82' title='bbox 909 2141 1051 2243; x_wconf 84' lang='lat' dir='ltr'>allata</span> <span class='ocrx_word' id='word_1_83' title='bbox 1088 2139 1150 2242; x_wconf 88' lang='lat' dir='ltr'>ab</span> <span class='ocrx_word' id='word_1_84' title='bbox 1167 2144 1374 2245; x_wconf 88' lang='lat' dir='ltr'>Oriente</span> <span class='ocrx_word' id='word_1_85' title='bbox 1402 2147 1569 2263; x_wconf 83' lang='lat' dir='ltr'>dona,</span> 
     </span>
     <span class='ocr_line' id='line_1_14' title="bbox 273 2280 1594 2423; baseline 0.002 -37"><span class='ocrx_word' id='word_1_86' title='bbox 273 2280 605 2423; x_wconf 85' lang='lat' dir='ltr'>diffusamque</span> <span class='ocrx_word' id='word_1_87' title='bbox 637 2292 691 2382; x_wconf 92' lang='lat' dir='ltr'>iu</span> <span class='ocrx_word' id='word_1_88' title='bbox 720 2283 1005 2423; x_wconf 80' lang='lat' dir='ltr'>regionibus</span> <span class='ocrx_word' id='word_1_89' title='bbox 1024 2283 1211 2385; x_wconf 89' lang='lat' dir='ltr'>Indicis</span> <span class='ocrx_word' id='word_1_90' title='bbox 1228 2284 1566 2388; x_wconf 84' lang='lat' dir='ltr'>Christianam</span> <span class='ocrx_word' id='word_1_91' title='bbox 1587 2292 1594 2313; x_wconf 90' lang='lat'>&#39;</span> 
     </span>
     <span class='ocr_line' id='line_1_15' title="bbox 276 2423 1562 2564; baseline 0.004 -40"><span class='ocrx_word' id='word_1_92' title='bbox 276 2424 459 2545; x_wconf 89' lang='lat' dir='ltr'>fidem,</span> <span class='ocrx_word' id='word_1_93' title='bbox 493 2424 707 2525; x_wconf 87' lang='lat' dir='ltr'>alludere</span> <span class='ocrx_word' id='word_1_94' title='bbox 724 2423 927 2525; x_wconf 83' lang='lat' dir='ltr'>voluille</span> <span class='ocrx_word' id='word_1_95' title='bbox 946 2424 1241 2528; x_wconf 87' lang='lat' dir='ltr'>Pontificem</span> <span class='ocrx_word' id='word_1_96' title='bbox 1280 2437 1562 2564; x_wconf 87' lang='lat' dir='ltr'>putaverim</span> 
     </span>
    </p>
   </div>
   <div class='ocr_carea' id='block_1_2' title="bbox 189 2565 1564 2705">
    <p class='ocr_par' dir='ltr' id='par_1_2' title="bbox 189 2565 1564 2705">
     <span class='ocr_line' id='line_1_16' title="bbox 189 2565 1564 2705; baseline 0.005 -42"><span class='ocrx_word' id='word_1_97' title='bbox 189 2686 192 2693; x_wconf 16' lang='grc' dir='ltr'><strong>μ</strong></span> <span class='ocrx_word' id='word_1_98' title='bbox 275 2572 329 2664; x_wconf 84' lang='lat' dir='ltr'>in</span> <span class='ocrx_word' id='word_1_99' title='bbox 346 2603 489 2668; x_wconf 89' lang='lat' dir='ltr'>aureo</span> <span class='ocrx_word' id='word_1_100' title='bbox 505 2596 737 2666; x_wconf 88' lang='lat' dir='ltr'>nummo.</span> <span class='ocrx_word' id='word_1_101' title='bbox 768 2566 929 2695; x_wconf 90' lang='lat' dir='ltr'>Hujus</span> <span class='ocrx_word' id='word_1_102' title='bbox 947 2572 1238 2705; x_wconf 86' lang='lat' dir='ltr'>imaginem,</span> <span class='ocrx_word' id='word_1_103' title='bbox 1257 2565 1339 2669; x_wconf 86' lang='lat' dir='ltr'>sed</span> <span class='ocrx_word' id='word_1_104' title='bbox 1357 2576 1564 2671; x_wconf 87' lang='lat' dir='ltr'>minime</span> 
     </span>
    </p>
   </div>
   <div class='ocr_carea' id='block_1_3' title="bbox 276 2706 1567 2852">
    <p class='ocr_par' dir='ltr' id='par_1_3' title="bbox 276 2706 1567 2852">
     <span class='ocr_line' id='line_1_17' title="bbox 276 2706 1567 2852; baseline 0.003 -44"><span class='ocrx_word' id='word_1_105' title='bbox 276 2739 391 2808; x_wconf 87' lang='lat' dir='ltr'>nota</span> <span class='ocrx_word' id='word_1_106' title='bbox 412 2711 574 2845; x_wconf 86' lang='lat' dir='ltr'>aliqua</span> <span class='ocrx_word' id='word_1_107' title='bbox 591 2706 879 2810; x_wconf 85' lang='lat' dir='ltr'>illustratam</span> <span class='ocrx_word' id='word_1_108' title='bbox 892 2777 910 2827; x_wconf 90' lang='lat'>,</span> <span class='ocrx_word' id='word_1_109' title='bbox 946 2708 1160 2848; x_wconf 80' lang='lat' dir='ltr'>protulit</span> <span class='ocrx_word' id='word_1_110' title='bbox 1186 2708 1452 2852; x_wconf 88' lang='lat' dir='ltr'>Philippus</span> <span class='ocrx_word' id='word_1_111' title='bbox 1470 2710 1567 2812; x_wconf 92' lang='lat' dir='ltr'>Bo·</span> 
     </span>
    </p>
   </div>
   <div class='ocr_carea' id='block_1_4' title="bbox 93 2824 1564 2992">
    <p class='ocr_par' dir='ltr' id='par_1_4' title="bbox 93 2824 1564 2992">
     <span class='ocr_line' id='line_1_18' title="bbox 93 2824 1564 2992; baseline 0.002 -42"><span class='ocrx_word' id='word_1_112' title='bbox 93 2824 97 2832; x_wconf 42' lang='grc'>’</span> <span class='ocrx_word' id='word_1_113' title='bbox 151 2978 153 2983; x_wconf 65' lang='lat'>,</span> <span class='ocrx_word' id='word_1_114' title='bbox 275 2887 466 2952; x_wconf 87' lang='lat' dir='ltr'>nannus</span> <span class='ocrx_word' id='word_1_115' title='bbox 488 2845 787 2953; x_wconf 88' lang='lat' dir='ltr'>Numismat.</span> <span class='ocrx_word' id='word_1_116' title='bbox 807 2848 949 2952; x_wconf 84' lang='lat' dir='ltr'>Pont.</span> <span class='ocrx_word' id='word_1_117' title='bbox 970 2850 1120 2963; x_wconf 83' lang='lat' dir='ltr'>Tum.</span> <span class='ocrx_word' id='word_1_118' title='bbox 1134 2890 1173 2952; x_wconf 88' lang='lat' dir='ltr'>r.</span> <span class='ocrx_word' id='word_1_119' title='bbox 1195 2888 1375 2992; x_wconf 80' lang='lat' dir='ltr'>pag-17</span> <span class='ocrx_word' id='word_1_120' title='bbox 1381 2889 1426 2978; x_wconf 81' lang='lat'>3.</span> <span class='ocrx_word' id='word_1_121' title='bbox 1445 2861 1564 2991; x_wconf 71' lang='lat' dir='ltr'>,qui</span> 
     </span>
    </p>
   </div>
   <div class='ocr_carea' id='block_1_5' title="bbox 278 2984 1569 3128">
    <p class='ocr_par' dir='ltr' id='par_1_5' title="bbox 278 2984 1569 3128">
     <span class='ocr_line' id='line_1_19' title="bbox 278 2984 1569 3128; baseline 0.002 -35"><span class='ocrx_word' id='word_1_122' title='bbox 278 3000 409 3094; x_wconf 90' lang='lat' dir='ltr'>iuter</span> <span class='ocrx_word' id='word_1_123' title='bbox 436 2984 729 3093; x_wconf 86' lang='lat' dir='ltr'>numismata</span> <span class='ocrx_word' id='word_1_124' title='bbox 763 3028 1025 3128; x_wconf 85' lang='lat' dir='ltr'>perperam</span> <span class='ocrx_word' id='word_1_125' title='bbox 1040 3029 1308 3094; x_wconf 88' lang='lat' dir='ltr'>nummum</span> <span class='ocrx_word' id='word_1_126' title='bbox 1332 2994 1569 3097; x_wconf 78' lang='lat' dir='ltr'>hunced-</span> 
     </span>
    </p>
   </div>
   <div class='ocr_carea' id='block_1_6' title="bbox 203 3125 1564 3257">
    <p class='ocr_par' dir='ltr' id='par_1_6' title="bbox 203 3125 1564 3257">
     <span class='ocr_line' id='line_1_20' title="bbox 203 3125 1564 3257; baseline 0.001 -22"><span class='ocrx_word' id='word_1_127' title='bbox 203 3182 205 3185; x_wconf 54' lang='grc'>’</span> <span class='ocrx_word' id='word_1_128' title='bbox 275 3163 536 3253; x_wconf 87' lang='lat' dir='ltr'>numerat,</span> <span class='ocrx_word' id='word_1_129' title='bbox 570 3135 620 3234; x_wconf 80' lang='lat' dir='ltr'>dr</span> <span class='ocrx_word' id='word_1_130' title='bbox 637 3131 820 3235; x_wconf 86' lang='lat' dir='ltr'>nostros</span> <span class='ocrx_word' id='word_1_131' title='bbox 850 3170 987 3232; x_wconf 84' lang='lat' dir='ltr'>num.</span> <span class='ocrx_word' id='word_1_132' title='bbox 1008 3168 1053 3255; x_wconf 84' lang='lat'>3.</span> <span class='ocrx_word' id='word_1_133' title='bbox 1078 3167 1125 3253; x_wconf 91' lang='lat'>7.</span> <span class='ocrx_word' id='word_1_134' title='bbox 1160 3139 1211 3237; x_wconf 68' lang='grc' dir='ltr'>ὅ(</span> <span class='ocrx_word' id='word_1_135' title='bbox 1228 3138 1312 3257; x_wconf 84' lang='grc'>8.,</span> <span class='ocrx_word' id='word_1_136' title='bbox 1340 3125 1564 3240; x_wconf 73' lang='lat' dir='ltr'>cumfint</span> 
     </span>
    </p>
   </div>
   <div class='ocr_carea' id='block_1_7' title="bbox 272 3273 1600 4662">
    <p class='ocr_par' dir='ltr' id='par_1_7' title="bbox 272 3273 1600 4662">
     <span class='ocr_line' id='line_1_21' title="bbox 272 3273 1278 3517; baseline -0.002 -139"><span class='ocrx_word' id='word_1_137' title='bbox 272 3274 491 3417; x_wconf 67' lang='lat' dir='ltr'>profesto</span> <span class='ocrx_word' id='word_1_138' title='bbox 514 3273 707 3414; x_wconf 85' lang='lat' dir='ltr'>vulgati</span> <span class='ocrx_word' id='word_1_139' title='bbox 728 3278 1020 3517; x_wconf 69' lang='lat' dir='ltr'>comrpercii</span> <span class='ocrx_word' id='word_1_140' title='bbox 1037 3306 1278 3378; x_wconf 81' lang='lat' dir='ltr'>monetae.</span> 
     </span>
     <span class='ocr_line' id='line_1_22' title="bbox 419 3559 1559 3701; baseline 0.003 -40"><span class='ocrx_word' id='word_1_141' title='bbox 419 3600 496 3661; x_wconf 74' lang='lat' dir='ltr'>uro</span> <span class='ocrx_word' id='word_1_142' title='bbox 515 3571 696 3661; x_wconf 72' lang='lat' dir='ltr'>numurus</span> <span class='ocrx_word' id='word_1_143' title='bbox 712 3596 881 3659; x_wconf 76' lang='lat' dir='ltr'>muru.</span> <span class='ocrx_word' id='word_1_144' title='bbox 899 3599 1102 3663; x_wconf 78' lang='lat' dir='ltr'>nnxmus.</span> <span class='ocrx_word' id='word_1_145' title='bbox 1122 3559 1377 3664; x_wconf 87' lang='lat' dir='ltr'>Pontificis</span> <span class='ocrx_word' id='word_1_146' title='bbox 1396 3595 1559 3701; x_wconf 83' lang='lat' dir='ltr'>caput.</span> 
     </span>
     <span class='ocr_line' id='line_1_23' title="bbox 391 3702 1600 3844; baseline 0.007 -45"><span class='ocrx_word' id='word_1_147' title='bbox 391 3780 396 3787; x_wconf 92' lang='lat'>.</span> <span class='ocrx_word' id='word_1_148' title='bbox 420 3740 556 3802; x_wconf 75' lang='lat' dir='ltr'>runnu</span> <span class='ocrx_word' id='word_1_149' title='bbox 572 3739 689 3800; x_wconf 77' lang='lat' dir='ltr'>nunu</span> <span class='ocrx_word' id='word_1_150' title='bbox 703 3740 764 3802; x_wconf 85' lang='lat' dir='ltr'>no</span> <span class='ocrx_word' id='word_1_151' title='bbox 780 3740 909 3803; x_wconf 80' lang='lat' dir='ltr'>vous.</span> <span class='ocrx_word' id='word_1_152' title='bbox 924 3702 1157 3840; x_wconf 87' lang='lat' dir='ltr'>Sequitur</span> <span class='ocrx_word' id='word_1_153' title='bbox 1175 3739 1357 3844; x_wconf 85' lang='lat' dir='ltr'>parvus</span> <span class='ocrx_word' id='word_1_154' title='bbox 1379 3707 1565 3808; x_wconf 86' lang='lat' dir='ltr'>tridens</span> <span class='ocrx_word' id='word_1_155' title='bbox 1592 3756 1600 3773; x_wconf 94' lang='lat'>·</span> 
     </span>
     <span class='ocr_line' id='line_1_24' title="bbox 274 3838 1564 3985; baseline 0.001 -39"><span class='ocrx_word' id='word_1_156' title='bbox 274 3849 535 3946; x_wconf 85' lang='lat' dir='ltr'>monetarii</span> <span class='ocrx_word' id='word_1_157' title='bbox 552 3838 1012 3977; x_wconf 77' lang='lat' dir='ltr'>fignumDominus</span> <span class='ocrx_word' id='word_1_158' title='bbox 1032 3845 1190 3947; x_wconf 88' lang='lat' dir='ltr'>noller</span> <span class='ocrx_word' id='word_1_159' title='bbox 1203 3845 1564 3985; x_wconf 85' lang='lat' dir='ltr'>stans,Aposto-</span> 
     </span>
     <span class='ocr_line' id='line_1_25' title="bbox 277 3978 1562 4126; baseline 0.004 -39"><span class='ocrx_word' id='word_1_160' title='bbox 277 3987 340 4087; x_wconf 90' lang='lat' dir='ltr'>lis</span> <span class='ocrx_word' id='word_1_161' title='bbox 359 3993 413 4088; x_wconf 90' lang='lat' dir='ltr'>in</span> <span class='ocrx_word' id='word_1_162' title='bbox 429 3978 585 4125; x_wconf 86' lang='lat' dir='ltr'>genua</span> <span class='ocrx_word' id='word_1_163' title='bbox 600 3983 1176 4126; x_wconf 84' lang='lat' dir='ltr'>provolutis,benedicit,</span> <span class='ocrx_word' id='word_1_164' title='bbox 1196 3989 1247 4089; x_wconf 77' lang='grc' dir='ltr'>δι</span> <span class='ocrx_word' id='word_1_165' title='bbox 1261 3988 1389 4089; x_wconf 85' lang='lat' dir='ltr'>infra</span> <span class='ocrx_word' id='word_1_166' title='bbox 1407 3989 1562 4092; x_wconf 80' lang='lat' dir='ltr'>Roma.</span> 
     </span>
     <span class='ocr_line' id='line_1_26' title="bbox 420 4125 1567 4248; baseline 0.004 -20"><span class='ocrx_word' id='word_1_167' title='bbox 420 4127 707 4230; x_wconf 88' lang='lat' dir='ltr'>Ludovicus</span> <span class='ocrx_word' id='word_1_168' title='bbox 752 4125 890 4229; x_wconf 87' lang='grc' dir='ltr'><strong>ΧΙΙ.</strong></span> <span class='ocrx_word' id='word_1_169' title='bbox 935 4125 1112 4232; x_wconf 82' lang='lat' dir='ltr'>Galliae</span> <span class='ocrx_word' id='word_1_170' title='bbox 1158 4129 1324 4248; x_wconf 74' lang='lat' dir='ltr'>Reus,</span> <span class='ocrx_word' id='word_1_171' title='bbox 1364 4137 1422 4232; x_wconf 81' lang='grc' dir='ltr'>εὸ</span> <span class='ocrx_word' id='word_1_172' title='bbox 1475 4133 1567 4233; x_wconf 90' lang='lat' dir='ltr'>ali·</span> 
     </span>
     <span class='ocr_line' id='line_1_27' title="bbox 280 4266 1561 4411; baseline 0.002 -39"><span class='ocrx_word' id='word_1_173' title='bbox 280 4296 435 4411; x_wconf 90' lang='lat' dir='ltr'>quot,</span> <span class='ocrx_word' id='word_1_174' title='bbox 464 4306 530 4372; x_wconf 79' lang='lat' dir='ltr'>ex</span> <span class='ocrx_word' id='word_1_175' title='bbox 562 4269 609 4373; x_wconf 86' lang='lat' dir='ltr'>S.</span> <span class='ocrx_word' id='word_1_176' title='bbox 623 4269 690 4373; x_wconf 85' lang='lat' dir='ltr'>R.</span> <span class='ocrx_word' id='word_1_177' title='bbox 710 4267 762 4371; x_wconf 85' lang='lat' dir='ltr'>E.</span> <span class='ocrx_word' id='word_1_178' title='bbox 792 4266 1142 4379; x_wconf 88' lang='lat' dir='ltr'>Cardinalibus</span> <span class='ocrx_word' id='word_1_179' title='bbox 1172 4340 1190 4390; x_wconf 90' lang='lat'>,</span> <span class='ocrx_word' id='word_1_180' title='bbox 1229 4269 1473 4394; x_wconf 82' lang='lat' dir='ltr'>adduxit,</span> <span class='ocrx_word' id='word_1_181' title='bbox 1505 4301 1561 4374; x_wconf 90' lang='lat' dir='ltr'>ut</span> 
     </span>
     <span class='ocr_line' id='line_1_28' title="bbox 280 4405 1565 4655; baseline 0 -141"><span class='ocrx_word' id='word_1_182' title='bbox 280 4405 504 4519; x_wconf 82' lang='lat' dir='ltr'>adversus</span> <span class='ocrx_word' id='word_1_183' title='bbox 526 4408 720 4546; x_wconf 76' lang='lat' dir='ltr'>julium</span> <span class='ocrx_word' id='word_1_184' title='bbox 734 4411 1030 4521; x_wconf 78' lang='lat' dir='ltr'>Pontificem</span> <span class='ocrx_word' id='word_1_185' title='bbox 1057 4410 1405 4655; x_wconf 54' lang='lat' dir='ltr'>[insurgerem</span> <span class='ocrx_word' id='word_1_186' title='bbox 1437 4415 1565 4523; x_wconf 88' lang='lat' dir='ltr'>iudi·</span> 
     </span>
     <span class='ocr_line' id='line_1_29' title="bbox 333 4555 1566 4662; baseline 0.001 -6"><span class='ocrx_word' id='word_1_187' title='bbox 333 4604 340 4613; x_wconf 85' lang='lat'><strong>·</strong></span> <span class='ocrx_word' id='word_1_188' title='bbox 996 4555 1037 4657; x_wconf 88' lang='lat' dir='ltr'><strong>B</strong></span> <span class='ocrx_word' id='word_1_189' title='bbox 1376 4584 1566 4662; x_wconf 87' lang='lat' dir='ltr'>cerent-</span> 
     </span>
    </p>
   </div>
   <div class='ocr_carea' id='block_1_8' title="bbox 0 0 2109 5536">
    <p class='ocr_par' dir='ltr' id='par_1_8' title="bbox 0 0 2109 5536">
     <span class='ocr_line' id='line_1_30' title="bbox 0 0 2109 5536; baseline 0 0"><span class='ocrx_word' id='word_1_190' title='bbox 0 0 2109 5536; x_wconf 95' lang='lat' dir='ltr'> </span> 
     </span>
    </p>
   </div>
  </div>
 </body>
</html>
