4208 5536
308 537 361 604 re
378 502 616 624 tertium,
639 505 691 608 δι
722 528 959 642 quartum
986 497 1248 603 denarium
1277 495 1446 601 cusum
1466 494 1603 602 fuisse

312 655 523 776 conjicio
542 655 598 747 in
617 647 806 787 signum
820 770 823 783 ι
833 651 963 786 grati
984 680 1097 785 erga
1115 643 1411 748 Pontificem
1431 642 1601 742 animi.

313 789 416 894 Hic
436 821 619 909 autem,
636 826 735 889 non
761 788 844 891 abs
867 828 919 893 re
935 794 1531 927 eritinquirere,quanam
1551 794 1608 888 in
1752 924 1756 931 .

315 931 478 1057 Urbis
498 963 636 1069 parte
662 940 936 1051 monetaria
953 930 1148 1030 officina
1167 929 1348 1033 suerit.
1390 932 1605 1033 Veteres

294 1075 568 1203 ¹Romanos
610 1111 715 1174 eam
750 1073 966 1177 habuisse
996 1081 1050 1172 in
1084 1073 1376 1212 Capitolino
1391 1071 1607 1174 Monte,

320 1224 509 1318 evincit
542 1229 706 1356 aperte
738 1217 915 1319 Livius
946 1213 1035 1317 sib.
1058 1255 1114 1313 vi.
1146 1253 1255 1357 pag.
1293 1254 1359 1317 m.
1399 1225 1510 1338 187.
1547 1215 1638 1333 de,

315 1356 516 1463 Mansio
535 1360 755 1497 loquens:
773 1361 1048 1476 damnatum,
1064 1356 1262 1486 Tribuni
1286 1358 1459 1491 defhxo
1484 1358 1612 1461 Tar·
1671 1484 1676 1491 Ι

313 1515 414 1640 pajo
447 1506 737 1636 dejecerunt,
771 1502 970 1642 locusque
987 1503 1106 1601 idem
1153 1524 1298 1602 inuno
1316 1506 1520 1620 homine,
1555 1502 1612 1599 (θ’

323 1654 500 1746 eximiae
516 1648 670 1785 glorie
687 1678 1038 1762 monumentum,
1067 1646 1124 1741 <5
1138 1678 1268 1784 poenae
1283 1646 1577 1783 ultimusfiait
1595 1715 1613 1762 ,

323 1789 505 1923 adjeiiae
523 1822 691 1887 mortuo
710 1791 951 1923 notaefimt,
965 1787 1141 1919 publica
1156 1788 1402 1927 urza,qu0d,
1422 1825 1514 1887 cum
1533 1785 1611 1884 do·

330 1970 431 2032 mus
444 1944 540 2068 ejus
543 1930 720 2068 fimffit,
736 1929 813 2029 ubi
825 1970 935 2029 nunc
949 1931 1077 2046 aedes,
1095 1965 1228 2072 arque
1247 1931 1420 2070 officim
1437 1963 1613 2031 monete

328 2072 419 2190 esi,
436 2077 581 2175 larum
599 2075 663 2174 ad
671 2075 871 2211 populum
887 2073 977 2193 esi,
995 2114 1048 2174 ne
1062 2081 1161 2211 quis
1171 2082 1394 2211 patritius
1410 2081 1460 2172 in
1473 2109 1576 2173 arce
1596 2141 1614 2190 ,
1643 2144 1645 2153 ,

325 2251 405 2317 aut
424 2216 647 2354 Capitolio
680 2216 938 2315 habitaret.
976 2216 1109 2318 Vide
1141 2216 1419 2317 Nardinum
1436 2215 1614 2316 Romae

327 2367 509 2459 veteris
550 2355 685 2457 libn.
704 2394 894 2494 cap.xv1.
919 2393 1029 2497 pag.
1051 2364 1167 2480 318.
1199 2392 1310 2496 pars
1343 2384 1502 2458 autem
1530 2354 1618 2456 illa

330 2498 618 2637 Capitolini
636 2499 830 2600 Montis
852 2571 868 2618 ,
896 2500 1315 2642 quasertfiablimes
1332 2502 1427 2600 asra
1443 2531 1615 2600 moneta

329 2644 540 2782 gradus,
577 2672 632 2742 ut
668 2650 850 2743 cecinit
881 2645 1098 2745 Ovidius
1133 2641 1222 2747 lib·
1249 2681 1292 2743 1.
1336 2641 1582 2745 Fastorum
1599 2712 1619 2760 ,

332 2816 434 2887 erat
451 2859 468 2906 ,
499 2794 553 2886 ni
572 2783 822 2904 fallimur,
841 2795 866 2885 ὲ
884 2785 1142 2925 conspeetu
1160 2787 1583 2892 Traumatocomii
1600 2855 1618 2904 ,

331 2932 383 3032 &
420 2927 601 3068 templi
635 2927 692 3028 B.
706 2927 883 3027 Mariae
916 2926 1314 3033 Consolationis.
1352 2926 1620 3030 Inferiore,

337 3100 502 3171 aurem
538 3107 646 3168 aevo
676 3078 702 3167 ὲ
736 3070 1027 3207 Capitolino
1044 3069 1335 3212 Magistratu
1352 3078 1620 3173 monetaria

332 3211 526 3314 officina
547 3212 813 3313 constituta
830 3209 923 3311 suit
958 3212 1017 3313 ad
1036 3214 1280 3351 Capitolii
1301 3216 1487 3314 radices
1506 3250 1622 3353 pro·

335 3366 398 3494 pe
414 3356 583 3457 Severi
600 3392 803 3472 arcum,
835 3363 916 3453 cui
933 3368 1225 3494 proximum
1245 3385 1348 3457 erat
1378 3356 1622 3496 templum

335 3496 420 3602 SS.
444 3496 604 3634 Sergii
623 3567 640 3614 ,
673 3500 725 3597 &
744 3495 929 3598 Bacchi
947 3569 960 3595 .
1003 3498 1232 3637 Templum
1250 3500 1526 3620 Concordiae,
1545 3502 1622 3601 ubi
1674 3572 1677 3595 ,

337 3639 528 3776 Ecclesia
554 3638 637 3738 SS.
657 3636 833 3778 Sergii,
859 3644 915 3740 (Y
949 3639 1148 3761 Bacchi,
1181 3646 1390 3775 templum
1427 3639 1622 3745 Monere

335 3811 469 3922 prope
500 3782 664 3883 dissum
691 3783 874 3909 ticcam,
902 3794 980 3924 qui
997 3784 1167 3887 dicitur
1195 3790 1240 3888 la
1260 3785 1403 3888 Zecm
1434 3782 1622 3924 scripsit

341 3925 578 4027 Nicolaus
599 3924 892 4059 Signorilis,
918 3936 1005 4062 qui
1023 3927 1210 4029 Saeculo
1225 3934 1510 4031 xv.ineunte
1526 3929 1621 4028 Po·

340 4065 449 4205 puli
463 4069 677 4168 Romani
694 4065 877 4169 Scribae
905 4103 1108 4170 munere
1123 4069 1458 4210 fungebatur,
1487 4069 1619 4171 aede

341 4216 499 4346 patria
519 4211 678 4330 Urbe,
693 4209 929 4346 sacrisque
944 4248 1002 4312 eo
1023 4242 1243 4353 tempore
1262 4211 1467 4332 aedibus,
1484 4248 1621 4350 egre·

344 4356 486 4493 gium
503 4362 914 4459 commentarium
929 4350 1068 4497 serit,
1083 4393 1136 4458 ac
1154 4355 1622 4460 MartinoVadhuc

1488 4495 1625 4599 Con·
1767 4542 1770 4546 “
